<?xml version="1.0" encoding="UTF-8"?>
<!DOCTYPE html PUBLIC "-//W3C//DTD XHTML 1.0 Transitional//EN"
    "http://www.w3.org/TR/xhtml1/DTD/xhtml1-transitional.dtd">
<html xmlns="http://www.w3.org/1999/xhtml" xml:lang="en" lang="en">
 <head>
  <title>
</title>
<meta http-equiv="Content-Type" content="text/html;charset=utf-8" />
  <meta name='ocr-system' content='tesseract 3.04.00' />
  <meta name='ocr-capabilities' content='ocr_page ocr_carea ocr_par ocr_line ocrx_word'/>
</head>
<body>
  <div class='ocr_page' id='page_1' title='image "./corneliitacitih00tacigoog_0244.png"; bbox 0 0 3164 5348; ppageno 0'>
   <div class='ocr_carea' id='block_1_1' title="bbox 560 283 1422 363">
    <p class='ocr_par' dir='ltr' id='par_1_1' title="bbox 560 283 1422 363">
     <span class='ocr_line' id='line_1_1' title="bbox 560 283 1422 363; baseline 0.009 -22"><span class='ocrx_word' id='word_1_1' title='bbox 560 283 705 342; x_wconf 70' lang='lat' dir='ltr'>arnan</span> <span class='ocrx_word' id='word_1_2' title='bbox 723 285 770 344; x_wconf 83' lang='lat' dir='ltr'>ll.</span> <span class='ocrx_word' id='word_1_3' title='bbox 798 284 890 345; x_wconf 76' lang='lat' dir='ltr'>cAP.</span> <span class='ocrx_word' id='word_1_4' title='bbox 915 288 1057 363; x_wconf 76' lang='lat'>35-38·</span> <span class='ocrx_word' id='word_1_5' title='bbox 1333 290 1391 349; x_wconf 79' lang='lat'>225</span> <span class='ocrx_word' id='word_1_6' title='bbox 1420 322 1422 331; x_wconf 85' lang='lat'>·</span> 
     </span>
    </p>
   </div>
   <div class='ocr_carea' id='block_1_2' title="bbox 188 455 1454 1542">
    <p class='ocr_par' dir='ltr' id='par_1_2' title="bbox 188 455 1454 1542">
     <span class='ocr_line' id='line_1_2' title="bbox 188 455 1451 545; baseline 0.008 -27"><span class='ocrx_word' id='word_1_7' title='bbox 188 455 298 538; x_wconf 86' lang='lat' dir='ltr'>legere</span> <span class='ocrx_word' id='word_1_8' title='bbox 329 457 572 539; x_wconf 85' lang='lat' dir='ltr'>imperatorem,</span> <span class='ocrx_word' id='word_1_9' title='bbox 602 466 703 540; x_wconf 90' lang='lat' dir='ltr'>atque</span> <span class='ocrx_word' id='word_1_10' title='bbox 733 478 774 522; x_wconf 91' lang='lat' dir='ltr'>eo</span> <span class='ocrx_word' id='word_1_11' title='bbox 803 460 905 524; x_wconf 87' lang='lat' dir='ltr'>duces</span> <span class='ocrx_word' id='word_1_12' title='bbox 940 458 1150 527; x_wconf 89' lang='lat' dir='ltr'>Othonianos</span> <span class='ocrx_word' id='word_1_13' title='bbox 1180 463 1324 545; x_wconf 90' lang='lat' dir='ltr'>spatium</span> <span class='ocrx_word' id='word_1_14' title='bbox 1352 483 1391 527; x_wconf 93' lang='lat' dir='ltr'>ac</span> <span class='ocrx_word' id='word_1_15' title='bbox 1436 482 1451 542; x_wconf 82' lang='grc'><strong>5</strong></span> 
     </span>
     <span class='ocr_line' id='line_1_3' title="bbox 189 557 1391 641; baseline 0.007 -23"><span class='ocrx_word' id='word_1_16' title='bbox 189 576 299 619; x_wconf 90' lang='lat' dir='ltr'>moras</span> <span class='ocrx_word' id='word_1_17' title='bbox 316 557 468 632; x_wconf 87' lang='lat' dir='ltr'>suasisse,</span> <span class='ocrx_word' id='word_1_18' title='bbox 485 558 663 640; x_wconf 89' lang='lat' dir='ltr'>praecipua</span> <span class='ocrx_word' id='word_1_19' title='bbox 681 579 740 639; x_wconf 91' lang='lat' dir='ltr'>spe</span> <span class='ocrx_word' id='word_1_20' title='bbox 759 558 896 636; x_wconf 85' lang='lat' dir='ltr'>Paulini,</span> <span class='ocrx_word' id='word_1_21' title='bbox 907 561 996 641; x_wconf 94' lang='lat' dir='ltr'>quod</span> <span class='ocrx_word' id='word_1_22' title='bbox 1015 562 1258 626; x_wconf 88' lang='lat' dir='ltr'>vetustissimus</span> <span class='ocrx_word' id='word_1_23' title='bbox 1276 583 1391 626; x_wconf 91' lang='lat' dir='ltr'>consu·</span> 
     </span>
     <span class='ocr_line' id='line_1_4' title="bbox 189 654 1391 745; baseline 0.007 -28"><span class='ocrx_word' id='word_1_24' title='bbox 189 654 307 718; x_wconf 87' lang='lat' dir='ltr'>larium</span> <span class='ocrx_word' id='word_1_25' title='bbox 325 663 359 718; x_wconf 91' lang='lat' dir='ltr'>et</span> <span class='ocrx_word' id='word_1_26' title='bbox 384 655 502 719; x_wconf 88' lang='lat' dir='ltr'>militia</span> <span class='ocrx_word' id='word_1_27' title='bbox 528 656 635 720; x_wconf 91' lang='lat' dir='ltr'>clarus</span> <span class='ocrx_word' id='word_1_28' title='bbox 653 656 793 740; x_wconf 84' lang='lat' dir='ltr'>gloriam</span> <span class='ocrx_word' id='word_1_29' title='bbox 815 678 1005 743; x_wconf 89' lang='lat' dir='ltr'>nomenque</span> <span class='ocrx_word' id='word_1_30' title='bbox 1031 660 1229 725; x_wconf 84' lang='lat' dir='ltr'>Britannicis</span> <span class='ocrx_word' id='word_1_31' title='bbox 1255 662 1391 745; x_wconf 87' lang='lat' dir='ltr'>expedi-</span> 
     </span>
     <span class='ocr_line' id='line_1_5' title="bbox 188 756 1392 846; baseline 0.009 -27"><span class='ocrx_word' id='word_1_32' title='bbox 188 756 335 820; x_wconf 90' lang='lat' dir='ltr'>tionibus</span> <span class='ocrx_word' id='word_1_33' title='bbox 366 757 547 824; x_wconf 88' lang='lat' dir='ltr'>meruisset</span> <span class='ocrx_word' id='word_1_34' title='bbox 611 757 687 841; x_wconf 91' lang='lat' dir='ltr'>Ego</span> <span class='ocrx_word' id='word_1_35' title='bbox 717 767 754 824; x_wconf 91' lang='lat' dir='ltr'>ut</span> <span class='ocrx_word' id='word_1_36' title='bbox 781 762 999 825; x_wconf 87' lang='lat' dir='ltr'>concesserim</span> <span class='ocrx_word' id='word_1_37' title='bbox 1023 762 1112 845; x_wconf 92' lang='lat' dir='ltr'>apud</span> <span class='ocrx_word' id='word_1_38' title='bbox 1140 783 1265 846; x_wconf 89' lang='lat' dir='ltr'>paucos</span> <span class='ocrx_word' id='word_1_39' title='bbox 1291 763 1392 830; x_wconf 93' lang='lat' dir='ltr'>tacito</span> 
     </span>
     <span class='ocr_line' id='line_1_6' title="bbox 188 859 1391 946; baseline 0.007 -27"><span class='ocrx_word' id='word_1_40' title='bbox 188 866 268 920; x_wconf 83' lang='lat' dir='ltr'>voto</span> <span class='ocrx_word' id='word_1_41' title='bbox 294 859 440 938; x_wconf 89' lang='lat' dir='ltr'>quietem</span> <span class='ocrx_word' id='word_1_42' title='bbox 472 880 533 941; x_wconf 92' lang='lat' dir='ltr'>pro</span> <span class='ocrx_word' id='word_1_43' title='bbox 559 860 733 936; x_wconf 89' lang='lat' dir='ltr'>discordia,</span> <span class='ocrx_word' id='word_1_44' title='bbox 759 860 884 924; x_wconf 93' lang='lat' dir='ltr'>bonum</span> <span class='ocrx_word' id='word_1_45' title='bbox 911 870 945 924; x_wconf 90' lang='lat' dir='ltr'>et</span> <span class='ocrx_word' id='word_1_46' title='bbox 970 863 1180 927; x_wconf 91' lang='lat' dir='ltr'>innocentem</span> <span class='ocrx_word' id='word_1_47' title='bbox 1210 865 1391 946; x_wconf 89' lang='lat' dir='ltr'>principem</span> 
     </span>
     <span class='ocr_line' id='line_1_7' title="bbox 188 956 1454 1044; baseline 0.002 -26"><span class='ocrx_word' id='word_1_48' title='bbox 188 976 249 1039; x_wconf 92' lang='lat' dir='ltr'>pro</span> <span class='ocrx_word' id='word_1_49' title='bbox 267 957 420 1038; x_wconf 87' lang='lat' dir='ltr'>pessimis</span> <span class='ocrx_word' id='word_1_50' title='bbox 437 978 477 1020; x_wconf 89' lang='lat' dir='ltr'>ac</span> <span class='ocrx_word' id='word_1_51' title='bbox 495 956 761 1041; x_wconf 84' lang='lat' dir='ltr'>flagitiosissimis</span> <span class='ocrx_word' id='word_1_52' title='bbox 787 961 984 1042; x_wconf 91' lang='lat' dir='ltr'>expetitum,</span> <span class='ocrx_word' id='word_1_53' title='bbox 1001 962 1048 1024; x_wconf 91' lang='lat' dir='ltr'>ita</span> <span class='ocrx_word' id='word_1_54' title='bbox 1074 982 1181 1044; x_wconf 86' lang='lat' dir='ltr'>neque</span> <span class='ocrx_word' id='word_1_55' title='bbox 1208 963 1393 1042; x_wconf 92' lang='lat' dir='ltr'>Paulinum,</span> <span class='ocrx_word' id='word_1_56' title='bbox 1418 983 1454 1022; x_wconf 82' lang='lat' dir='ltr'>ro</span> 
     </span>
     <span class='ocr_line' id='line_1_8' title="bbox 188 1058 1393 1146; baseline 0.007 -27"><span class='ocrx_word' id='word_1_57' title='bbox 188 1075 255 1137; x_wconf 93' lang='lat' dir='ltr'>qua</span> <span class='ocrx_word' id='word_1_58' title='bbox 272 1058 449 1139; x_wconf 90' lang='lat' dir='ltr'>prudentia</span> <span class='ocrx_word' id='word_1_59' title='bbox 468 1058 537 1132; x_wconf 86' lang='lat' dir='ltr'>luit,</span> <span class='ocrx_word' id='word_1_60' title='bbox 555 1078 705 1141; x_wconf 87' lang='lat' dir='ltr'>sperasse</span> <span class='ocrx_word' id='word_1_61' title='bbox 725 1060 974 1142; x_wconf 88' lang='lat' dir='ltr'>corruptissimo</span> <span class='ocrx_word' id='word_1_62' title='bbox 999 1062 1131 1126; x_wconf 91' lang='lat' dir='ltr'>saeculo</span> <span class='ocrx_word' id='word_1_63' title='bbox 1157 1071 1285 1126; x_wconf 89' lang='lat' dir='ltr'>tantam</span> <span class='ocrx_word' id='word_1_64' title='bbox 1303 1062 1393 1146; x_wconf 87' lang='lat' dir='ltr'>volgi</span> 
     </span>
     <span class='ocr_line' id='line_1_9' title="bbox 190 1157 1393 1242; baseline 0.007 -24"><span class='ocrx_word' id='word_1_65' title='bbox 190 1157 454 1220; x_wconf 88' lang='lat' dir='ltr'>moderationem</span> <span class='ocrx_word' id='word_1_66' title='bbox 490 1178 571 1234; x_wconf 89' lang='lat' dir='ltr'>reor,</span> <span class='ocrx_word' id='word_1_67' title='bbox 605 1167 643 1221; x_wconf 94' lang='lat' dir='ltr'>ut</span> <span class='ocrx_word' id='word_1_68' title='bbox 677 1161 734 1242; x_wconf 89' lang='lat' dir='ltr'>qui</span> <span class='ocrx_word' id='word_1_69' title='bbox 769 1160 886 1241; x_wconf 89' lang='lat' dir='ltr'>pacem</span> <span class='ocrx_word' id='word_1_70' title='bbox 921 1160 999 1223; x_wconf 91' lang='lat' dir='ltr'>belli</span> <span class='ocrx_word' id='word_1_71' title='bbox 1034 1182 1146 1225; x_wconf 90' lang='lat' dir='ltr'>amore</span> <span class='ocrx_word' id='word_1_72' title='bbox 1180 1162 1393 1227; x_wconf 89' lang='lat' dir='ltr'>turbaverant</span> 
     </span>
     <span class='ocr_line' id='line_1_10' title="bbox 189 1255 1392 1344; baseline 0.006 -26"><span class='ocrx_word' id='word_1_73' title='bbox 189 1255 314 1319; x_wconf 92' lang='lat' dir='ltr'>bellum</span> <span class='ocrx_word' id='word_1_74' title='bbox 342 1258 434 1339; x_wconf 90' lang='lat' dir='ltr'>pacis</span> <span class='ocrx_word' id='word_1_75' title='bbox 462 1258 600 1320; x_wconf 91' lang='lat' dir='ltr'>caritate</span> <span class='ocrx_word' id='word_1_76' title='bbox 626 1258 841 1341; x_wconf 88' lang='lat' dir='ltr'>deponerent,</span> <span class='ocrx_word' id='word_1_77' title='bbox 861 1279 970 1341; x_wconf 90' lang='lat' dir='ltr'>neque</span> <span class='ocrx_word' id='word_1_78' title='bbox 996 1269 1054 1323; x_wconf 91' lang='lat' dir='ltr'>aut</span> <span class='ocrx_word' id='word_1_79' title='bbox 1081 1262 1246 1324; x_wconf 89' lang='lat' dir='ltr'>exereitus</span> <span class='ocrx_word' id='word_1_80' title='bbox 1272 1262 1392 1344; x_wconf 92' lang='lat' dir='ltr'>linguis</span> 
     </span>
     <span class='ocr_line' id='line_1_11' title="bbox 191 1355 1392 1441; baseline 0.005 -23"><span class='ocrx_word' id='word_1_81' title='bbox 191 1355 404 1438; x_wconf 89' lang='lat' dir='ltr'>moribusque</span> <span class='ocrx_word' id='word_1_82' title='bbox 421 1357 575 1420; x_wconf 91' lang='lat' dir='ltr'>dissonos</span> <span class='ocrx_word' id='word_1_83' title='bbox 593 1358 626 1420; x_wconf 95' lang='lat' dir='ltr'>in</span> <span class='ocrx_word' id='word_1_84' title='bbox 644 1357 733 1421; x_wconf 93' lang='lat' dir='ltr'>hunc</span> <span class='ocrx_word' id='word_1_85' title='bbox 751 1378 949 1423; x_wconf 87' lang='lat' dir='ltr'>consensum</span> <span class='ocrx_word' id='word_1_86' title='bbox 971 1360 1118 1441; x_wconf 90' lang='lat' dir='ltr'>potuisse</span> <span class='ocrx_word' id='word_1_87' title='bbox 1136 1361 1318 1424; x_wconf 88' lang='lat' dir='ltr'>coalescere</span> <span class='ocrx_word' id='word_1_88' title='bbox 1334 1370 1392 1425; x_wconf 92' lang='lat' dir='ltr'>aut</span> 
     </span>
     <span class='ocr_line' id='line_1_12' title="bbox 190 1454 1452 1542; baseline 0.001 -24"><span class='ocrx_word' id='word_1_89' title='bbox 190 1454 318 1538; x_wconf 90' lang='lat' dir='ltr'>legatos</span> <span class='ocrx_word' id='word_1_90' title='bbox 336 1475 375 1518; x_wconf 93' lang='lat' dir='ltr'>ac</span> <span class='ocrx_word' id='word_1_91' title='bbox 392 1457 503 1534; x_wconf 85' lang='lat' dir='ltr'>duces,</span> <span class='ocrx_word' id='word_1_92' title='bbox 522 1477 645 1539; x_wconf 89' lang='lat' dir='ltr'>magna</span> <span class='ocrx_word' id='word_1_93' title='bbox 662 1477 706 1520; x_wconf 90' lang='lat' dir='ltr'>ex</span> <span class='ocrx_word' id='word_1_94' title='bbox 724 1465 818 1540; x_wconf 89' lang='lat' dir='ltr'>parte</span> <span class='ocrx_word' id='word_1_95' title='bbox 845 1458 944 1522; x_wconf 88' lang='lat' dir='ltr'>luxus</span> <span class='ocrx_word' id='word_1_96' title='bbox 970 1461 1128 1542; x_wconf 85' lang='lat' dir='ltr'>egestatis</span> <span class='ocrx_word' id='word_1_97' title='bbox 1153 1461 1313 1524; x_wconf 90' lang='lat' dir='ltr'>scelerum</span> <span class='ocrx_word' id='word_1_98' title='bbox 1331 1461 1392 1525; x_wconf 92' lang='lat' dir='ltr'>sibi</span> <span class='ocrx_word' id='word_1_99' title='bbox 1419 1477 1452 1537; x_wconf 84' lang='lat'>15</span> 
     </span>
    </p>
   </div>
   <div class='ocr_carea' id='block_1_3' title="bbox 189 1556 1392 1738">
    <p class='ocr_par' dir='ltr' id='par_1_3' title="bbox 189 1556 1392 1738">
     <span class='ocr_line' id='line_1_13' title="bbox 189 1556 1392 1644; baseline 0.006 -27"><span class='ocrx_word' id='word_1_100' title='bbox 189 1556 349 1634; x_wconf 88' lang='lat' dir='ltr'>conscios,</span> <span class='ocrx_word' id='word_1_101' title='bbox 379 1557 441 1620; x_wconf 90' lang='lat' dir='ltr'>nisi</span> <span class='ocrx_word' id='word_1_102' title='bbox 472 1557 638 1640; x_wconf 92' lang='lat' dir='ltr'>pollutum</span> <span class='ocrx_word' id='word_1_103' title='bbox 669 1558 931 1642; x_wconf 91' lang='lat' dir='ltr'>obstrictumque</span> <span class='ocrx_word' id='word_1_104' title='bbox 959 1559 1084 1623; x_wconf 91' lang='lat' dir='ltr'>meritis</span> <span class='ocrx_word' id='word_1_105' title='bbox 1113 1559 1181 1626; x_wconf 86' lang='lat' dir='ltr'>suis</span> <span class='ocrx_word' id='word_1_106' title='bbox 1212 1561 1392 1644; x_wconf 88' lang='lat' dir='ltr'>principem</span> 
     </span>
     <span class='ocr_line' id='line_1_14' title="bbox 189 1676 353 1738; baseline 0.006 -20"><span class='ocrx_word' id='word_1_107' title='bbox 189 1676 353 1738; x_wconf 86' lang='lat' dir='ltr'>passuros</span> 
     </span>
    </p>
   </div>
   <div class='ocr_carea' id='block_1_4' title="bbox 191 1755 1456 2650">
    <p class='ocr_par' dir='ltr' id='par_1_4' title="bbox 191 1755 1456 2650">
     <span class='ocr_line' id='line_1_15' title="bbox 257 1755 1394 1845; baseline 0.009 -27"><span class='ocrx_word' id='word_1_108' title='bbox 257 1758 312 1836; x_wconf 88' lang='lat'>38.</span> <span class='ocrx_word' id='word_1_109' title='bbox 338 1755 446 1820; x_wconf 88' lang='lat' dir='ltr'>Vetus</span> <span class='ocrx_word' id='word_1_110' title='bbox 464 1776 503 1819; x_wconf 91' lang='lat' dir='ltr'>ac</span> <span class='ocrx_word' id='word_1_111' title='bbox 521 1756 587 1820; x_wconf 89' lang='lat' dir='ltr'>iam</span> <span class='ocrx_word' id='word_1_112' title='bbox 606 1758 735 1841; x_wconf 90' lang='lat' dir='ltr'>pridem</span> <span class='ocrx_word' id='word_1_113' title='bbox 757 1758 855 1822; x_wconf 90' lang='lat' dir='ltr'>insita</span> <span class='ocrx_word' id='word_1_114' title='bbox 874 1758 1068 1824; x_wconf 90' lang='lat' dir='ltr'>mortalibus</span> <span class='ocrx_word' id='word_1_115' title='bbox 1085 1761 1256 1844; x_wconf 88' lang='lat' dir='ltr'>potentiae</span> <span class='ocrx_word' id='word_1_116' title='bbox 1273 1763 1394 1845; x_wconf 91' lang='lat' dir='ltr'>cupido</span> 
     </span>
     <span class='ocr_line' id='line_1_16' title="bbox 191 1857 1394 1945; baseline 0.007 -25"><span class='ocrx_word' id='word_1_117' title='bbox 191 1877 267 1921; x_wconf 90' lang='lat' dir='ltr'>cum</span> <span class='ocrx_word' id='word_1_118' title='bbox 311 1857 441 1941; x_wconf 92' lang='lat' dir='ltr'>imperii</span> <span class='ocrx_word' id='word_1_119' title='bbox 478 1859 708 1942; x_wconf 82' lang='lat' dir='ltr'>magnitudine</span> <span class='ocrx_word' id='word_1_120' title='bbox 742 1859 888 1925; x_wconf 90' lang='lat' dir='ltr'>adolevit</span> <span class='ocrx_word' id='word_1_121' title='bbox 922 1862 1104 1945; x_wconf 92' lang='lat' dir='ltr'>erupitque.</span> <span class='ocrx_word' id='word_1_122' title='bbox 1173 1861 1262 1926; x_wconf 90' lang='lat' dir='ltr'>Nam</span> <span class='ocrx_word' id='word_1_123' title='bbox 1297 1864 1394 1929; x_wconf 89' lang='lat' dir='ltr'>rebus</span> 
     </span>
     <span class='ocr_line' id='line_1_17' title="bbox 192 1960 1395 2044; baseline 0.007 -22"><span class='ocrx_word' id='word_1_124' title='bbox 192 1960 332 2024; x_wconf 91' lang='lat' dir='ltr'>modicis</span> <span class='ocrx_word' id='word_1_125' title='bbox 358 1960 542 2044; x_wconf 91' lang='lat' dir='ltr'>aequalitas</span> <span class='ocrx_word' id='word_1_126' title='bbox 569 1962 664 2025; x_wconf 90' lang='lat' dir='ltr'>iacile</span> <span class='ocrx_word' id='word_1_127' title='bbox 689 1961 893 2029; x_wconf 88' lang='lat' dir='ltr'>habebatur:</span> <span class='ocrx_word' id='word_1_128' title='bbox 924 1963 983 2028; x_wconf 91' lang='lat' dir='ltr'>sed</span> <span class='ocrx_word' id='word_1_129' title='bbox 1009 1964 1066 2028; x_wconf 92' lang='lat' dir='ltr'>ubi</span> <span class='ocrx_word' id='word_1_130' title='bbox 1092 1964 1230 2029; x_wconf 90' lang='lat' dir='ltr'>subacto</span> <span class='ocrx_word' id='word_1_131' title='bbox 1256 1967 1335 2030; x_wconf 93' lang='lat' dir='ltr'>orbe</span> <span class='ocrx_word' id='word_1_132' title='bbox 1361 1976 1395 2031; x_wconf 89' lang='lat' dir='ltr'>et</span> 
     </span>
     <span class='ocr_line' id='line_1_18' title="bbox 192 2062 1395 2150; baseline 0.006 -26"><span class='ocrx_word' id='word_1_133' title='bbox 192 2062 331 2125; x_wconf 89' lang='lat' dir='ltr'>aemulis</span> <span class='ocrx_word' id='word_1_134' title='bbox 366 2062 503 2127; x_wconf 92' lang='lat' dir='ltr'>urbibus</span> <span class='ocrx_word' id='word_1_135' title='bbox 533 2064 707 2147; x_wconf 91' lang='lat' dir='ltr'>regibusve</span> <span class='ocrx_word' id='word_1_136' title='bbox 737 2065 858 2129; x_wconf 91' lang='lat' dir='ltr'>excisis</span> <span class='ocrx_word' id='word_1_137' title='bbox 888 2085 1019 2130; x_wconf 85' lang='lat' dir='ltr'>securas</span> <span class='ocrx_word' id='word_1_138' title='bbox 1049 2086 1130 2150; x_wconf 94' lang='lat' dir='ltr'>opes</span> <span class='ocrx_word' id='word_1_139' title='bbox 1164 2067 1395 2150; x_wconf 90' lang='lat' dir='ltr'>concupiscere</span> 
     </span>
     <span class='ocr_line' id='line_1_19' title="bbox 192 2163 1456 2249; baseline 0.006 -24"><span class='ocrx_word' id='word_1_140' title='bbox 192 2182 334 2226; x_wconf 92' lang='lat' dir='ltr'>vacuum</span> <span class='ocrx_word' id='word_1_141' title='bbox 359 2163 429 2241; x_wconf 84' lang='lat' dir='ltr'>suit,</span> <span class='ocrx_word' id='word_1_142' title='bbox 447 2165 555 2247; x_wconf 91' lang='lat' dir='ltr'>prima</span> <span class='ocrx_word' id='word_1_143' title='bbox 573 2166 658 2228; x_wconf 92' lang='lat' dir='ltr'>inter</span> <span class='ocrx_word' id='word_1_144' title='bbox 676 2174 786 2248; x_wconf 87' lang='lat' dir='ltr'>patres</span> <span class='ocrx_word' id='word_1_145' title='bbox 804 2165 1003 2249; x_wconf 88' lang='lat' dir='ltr'>plebemque</span> <span class='ocrx_word' id='word_1_146' title='bbox 1028 2167 1208 2231; x_wconf 90' lang='lat' dir='ltr'>certamina</span> <span class='ocrx_word' id='word_1_147' title='bbox 1234 2187 1394 2235; x_wconf 88' lang='lat' dir='ltr'>exarsere.</span> <span class='ocrx_word' id='word_1_148' title='bbox 1440 2183 1456 2244; x_wconf 80' lang='grc'><strong>5</strong></span> 
     </span>
     <span class='ocr_line' id='line_1_20' title="bbox 195 2262 1396 2350; baseline 0.007 -25"><span class='ocrx_word' id='word_1_149' title='bbox 195 2262 300 2327; x_wconf 91' lang='lat' dir='ltr'>Modo</span> <span class='ocrx_word' id='word_1_150' title='bbox 319 2263 500 2327; x_wconf 90' lang='lat' dir='ltr'>turbulenti</span> <span class='ocrx_word' id='word_1_151' title='bbox 518 2264 650 2342; x_wconf 91' lang='lat' dir='ltr'>tribuni,</span> <span class='ocrx_word' id='word_1_152' title='bbox 669 2267 770 2330; x_wconf 93' lang='lat' dir='ltr'>modo</span> <span class='ocrx_word' id='word_1_153' title='bbox 788 2266 940 2330; x_wconf 91' lang='lat' dir='ltr'>consules</span> <span class='ocrx_word' id='word_1_154' title='bbox 952 2268 1142 2350; x_wconf 89' lang='lat' dir='ltr'>praevalidi,</span> <span class='ocrx_word' id='word_1_155' title='bbox 1156 2278 1190 2331; x_wconf 88' lang='lat' dir='ltr'>et</span> <span class='ocrx_word' id='word_1_156' title='bbox 1208 2269 1240 2331; x_wconf 98' lang='lat' dir='ltr'>in</span> <span class='ocrx_word' id='word_1_157' title='bbox 1259 2269 1340 2333; x_wconf 92' lang='lat' dir='ltr'>urhe</span> <span class='ocrx_word' id='word_1_158' title='bbox 1357 2289 1396 2333; x_wconf 89' lang='lat' dir='ltr'>ac</span> 
     </span>
     <span class='ocr_line' id='line_1_21' title="bbox 194 2362 1395 2449; baseline 0.007 -25"><span class='ocrx_word' id='word_1_159' title='bbox 194 2362 265 2425; x_wconf 87' lang='lat' dir='ltr'>loro</span> <span class='ocrx_word' id='word_1_160' title='bbox 293 2370 537 2444; x_wconf 87' lang='lat' dir='ltr'>temptamenta</span> <span class='ocrx_word' id='word_1_161' title='bbox 560 2364 704 2428; x_wconf 88' lang='lat' dir='ltr'>civilium</span> <span class='ocrx_word' id='word_1_162' title='bbox 733 2365 905 2442; x_wconf 89' lang='lat' dir='ltr'>bellorum,</span> <span class='ocrx_word' id='word_1_163' title='bbox 933 2363 1015 2430; x_wconf 88' lang='lat' dir='ltr'>mox</span> <span class='ocrx_word' id='word_1_164' title='bbox 1046 2386 1065 2429; x_wconf 93' lang='lat' dir='ltr'>e</span> <span class='ocrx_word' id='word_1_165' title='bbox 1090 2366 1188 2449; x_wconf 91' lang='lat' dir='ltr'>plebe</span> <span class='ocrx_word' id='word_1_166' title='bbox 1217 2367 1331 2431; x_wconf 90' lang='lat' dir='ltr'>infima</span> <span class='ocrx_word' id='word_1_167' title='bbox 1359 2368 1395 2434; x_wconf 89' lang='lat' dir='ltr'>C.</span> 
     </span>
     <span class='ocr_line' id='line_1_22' title="bbox 194 2459 1397 2531; baseline 0.007 -9"><span class='ocrx_word' id='word_1_168' title='bbox 194 2459 321 2523; x_wconf 90' lang='lat' dir='ltr'>Marius</span> <span class='ocrx_word' id='word_1_169' title='bbox 351 2470 385 2523; x_wconf 92' lang='lat' dir='ltr'>et</span> <span class='ocrx_word' id='word_1_170' title='bbox 420 2461 581 2526; x_wconf 90' lang='lat' dir='ltr'>nobilium</span> <span class='ocrx_word' id='word_1_171' title='bbox 612 2464 823 2527; x_wconf 90' lang='lat' dir='ltr'>saevissimus</span> <span class='ocrx_word' id='word_1_172' title='bbox 859 2464 982 2527; x_wconf 91' lang='lat' dir='ltr'>Lucius</span> <span class='ocrx_word' id='word_1_173' title='bbox 1017 2463 1111 2528; x_wconf 91' lang='lat' dir='ltr'>Sulla</span> <span class='ocrx_word' id='word_1_174' title='bbox 1141 2467 1263 2529; x_wconf 91' lang='lat' dir='ltr'>victam</span> <span class='ocrx_word' id='word_1_175' title='bbox 1297 2469 1397 2531; x_wconf 89' lang='lat' dir='ltr'>armis</span> 
     </span>
     <span class='ocr_line' id='line_1_23' title="bbox 193 2558 1397 2650; baseline 0.007 -28"><span class='ocrx_word' id='word_1_176' title='bbox 193 2558 381 2623; x_wconf 89' lang='lat' dir='ltr'>libertatem</span> <span class='ocrx_word' id='word_1_177' title='bbox 399 2561 432 2624; x_wconf 92' lang='lat' dir='ltr'>in</span> <span class='ocrx_word' id='word_1_178' title='bbox 447 2561 710 2626; x_wconf 90' lang='lat' dir='ltr'>dominationem</span> <span class='ocrx_word' id='word_1_179' title='bbox 723 2571 901 2627; x_wconf 88' lang='lat' dir='ltr'>verterunt.</span> <span class='ocrx_word' id='word_1_180' title='bbox 954 2563 1033 2628; x_wconf 92' lang='lat' dir='ltr'>Post</span> <span class='ocrx_word' id='word_1_181' title='bbox 1046 2584 1130 2647; x_wconf 93' lang='lat' dir='ltr'>quos</span> <span class='ocrx_word' id='word_1_182' title='bbox 1145 2564 1204 2629; x_wconf 89' lang='lat' dir='ltr'>Cn.</span> <span class='ocrx_word' id='word_1_183' title='bbox 1220 2566 1397 2650; x_wconf 89' lang='lat' dir='ltr'>Pompeius</span> 
     </span>
    </p>
   </div>
   <div class='ocr_carea' id='block_1_5' title="bbox 193 2728 1401 4471">
    <p class='ocr_par' dir='ltr' id='par_1_5' title="bbox 193 2728 1401 4471">
     <span class='ocr_line' id='line_1_24' title="bbox 227 2728 1399 2793; baseline 0.005 -15"><span class='ocrx_word' id='word_1_184' title='bbox 227 2728 250 2778; x_wconf 87' lang='grc'>6.</span> <span class='ocrx_word' id='word_1_185' title='bbox 270 2731 430 2787; x_wconf 76' lang='lat' dir='ltr'>praecipue</span> <span class='ocrx_word' id='word_1_186' title='bbox 446 2742 500 2787; x_wconf 83' lang='lat' dir='ltr'>spe</span> <span class='ocrx_word' id='word_1_187' title='bbox 522 2731 642 2779; x_wconf 80' lang='lat' dir='ltr'>Paulini.</span> <span class='ocrx_word' id='word_1_188' title='bbox 682 2729 772 2780; x_wconf 81' lang='lat' dir='ltr'>“Pau·</span> <span class='ocrx_word' id='word_1_189' title='bbox 825 2728 868 2778; x_wconf 88' lang='lat' dir='ltr'>the</span> <span class='ocrx_word' id='word_1_190' title='bbox 878 2729 941 2793; x_wconf 84' lang='lat' dir='ltr'>style</span> <span class='ocrx_word' id='word_1_191' title='bbox 949 2729 978 2779; x_wconf 90' lang='lat' dir='ltr'>ci</span> <span class='ocrx_word' id='word_1_192' title='bbox 987 2729 1088 2780; x_wconf 80' lang='lat' dir='ltr'>Sallust.</span> <span class='ocrx_word' id='word_1_193' title='bbox 1111 2736 1272 2790; x_wconf 80' lang='lat' dir='ltr'>erupitque.</span> <span class='ocrx_word' id='word_1_194' title='bbox 1291 2733 1309 2759; x_wconf 78' lang='lat'>&#39;⁴</span> <span class='ocrx_word' id='word_1_195' title='bbox 1317 2732 1399 2784; x_wconf 80' lang='lat' dir='ltr'>Brohe</span> 
     </span>
     <span class='ocr_line' id='line_1_25' title="bbox 193 2791 1396 2862; baseline 0.007 -21"><span class='ocrx_word' id='word_1_196' title='bbox 193 2791 279 2843; x_wconf 87' lang='lat' dir='ltr'>linus’s</span> <span class='ocrx_word' id='word_1_197' title='bbox 289 2792 369 2857; x_wconf 82' lang='lat' dir='ltr'>hopes</span> <span class='ocrx_word' id='word_1_198' title='bbox 381 2793 513 2858; x_wconf 86' lang='lat' dir='ltr'>mounting</span> <span class='ocrx_word' id='word_1_199' title='bbox 524 2793 567 2843; x_wconf 88' lang='lat' dir='ltr'>the</span> <span class='ocrx_word' id='word_1_200' title='bbox 578 2791 704 2858; x_wconf 81' lang='lat' dir='ltr'>highest.”</span> <span class='ocrx_word' id='word_1_201' title='bbox 824 2794 855 2844; x_wconf 90' lang='lat' dir='ltr'>its</span> <span class='ocrx_word' id='word_1_202' title='bbox 862 2792 954 2844; x_wconf 84' lang='lat' dir='ltr'>huslr.”</span> <span class='ocrx_word' id='word_1_203' title='bbox 972 2794 1039 2845; x_wconf 91' lang='lat' dir='ltr'>Such</span> <span class='ocrx_word' id='word_1_204' title='bbox 1047 2811 1127 2846; x_wconf 85' lang='lat' dir='ltr'>seems</span> <span class='ocrx_word' id='word_1_205' title='bbox 1134 2804 1161 2846; x_wconf 87' lang='lat' dir='ltr'>to</span> <span class='ocrx_word' id='word_1_206' title='bbox 1169 2796 1201 2849; x_wconf 84' lang='lat' dir='ltr'>be</span> <span class='ocrx_word' id='word_1_207' title='bbox 1208 2796 1252 2847; x_wconf 85' lang='lat' dir='ltr'>the</span> <span class='ocrx_word' id='word_1_208' title='bbox 1258 2798 1396 2862; x_wconf 84' lang='lat' dir='ltr'>metaphcr.</span> 
     </span>
     <span class='ocr_line' id='line_1_26' title="bbox 226 2857 1400 2928; baseline 0.006 -22"><span class='ocrx_word' id='word_1_209' title='bbox 226 2857 249 2906; x_wconf 83' lang='lat'>6.</span> <span class='ocrx_word' id='word_1_210' title='bbox 265 2861 483 2908; x_wconf 83' lang='lat' dir='ltr'>vetustissimus</span> <span class='ocrx_word' id='word_1_211' title='bbox 492 2861 696 2907; x_wconf 70' lang='lat' dir='ltr'>consularium</span> <span class='ocrx_word' id='word_1_212' title='bbox 710 2858 773 2908; x_wconf 81' lang='lat' dir='ltr'>This</span> <span class='ocrx_word' id='word_1_213' title='bbox 857 2869 879 2920; x_wconf 60' lang='lat' dir='ltr'>a</span> <span class='ocrx_word' id='word_1_214' title='bbox 900 2862 1166 2910; x_wconf 81' lang='lat' dir='ltr'>tectiensbenetur.</span> <span class='ocrx_word' id='word_1_215' title='bbox 1205 2860 1400 2928; x_wconf 80' lang='lat' dir='ltr'>“ltwaseasily</span> 
     </span>
     <span class='ocr_line' id='line_1_27' title="bbox 193 2921 1260 3038; baseline 0.005 -69"><span class='ocrx_word' id='word_1_216' title='bbox 193 2937 245 3035; x_wconf 48' lang='lat' dir='ltr'>ld?</span> <span class='ocrx_word' id='word_1_217' title='bbox 256 2929 300 2997; x_wconf 75' lang='lat' dir='ltr'>not</span> <span class='ocrx_word' id='word_1_218' title='bbox 309 2921 378 3034; x_wconf 57' lang='lat' dir='ltr'>quitg</span> <span class='ocrx_word' id='word_1_219' title='bbox 387 2921 603 3035; x_wconf 45' lang='lat' dir='ltr'>qrqcthaqlosseheo&#39;s</span> <span class='ocrx_word' id='word_1_220' title='bbox 612 2922 714 3036; x_wconf 60' lang='lat' dir='ltr'>brothep</span> <span class='ocrx_word' id='word_1_221' title='bbox 723 2937 774 2998; x_wconf 60' lang='lat' dir='ltr'>nas</span> <span class='ocrx_word' id='word_1_222' title='bbox 824 2922 1022 3037; x_wconf 50' lang='lat' dir='ltr'>maintainedlfflip</span> <span class='ocrx_word' id='word_1_223' title='bbox 1031 2923 1160 3036; x_wconf 51' lang='lat' dir='ltr'>ffifflm</span> <span class='ocrx_word' id='word_1_224' title='bbox 1171 2924 1260 3038; x_wconf 78' lang='lat' dir='ltr'>one.”b</span> 
     </span>
     <span class='ocr_line' id='line_1_28' title="bbox 195 2992 1398 3130; baseline 0.004 -32"><span class='ocrx_word' id='word_1_225' title='bbox 195 3000 343 3108; x_wconf 53' lang='lat' dir='ltr'>Mgreprpp,</span> <span class='ocrx_word' id='word_1_226' title='bbox 376 3001 506 3111; x_wconf 46' lang='lat' dir='ltr'>injuria</span> <span class='ocrx_word' id='word_1_227' title='bbox 515 3050 541 3099; x_wconf 89' lang='lat' dir='ltr'>in</span> <span class='ocrx_word' id='word_1_228' title='bbox 550 3001 774 3130; x_wconf 34' lang='lat' dir='ltr'>{affabili</span> <span class='ocrx_word' id='word_1_229' title='bbox 822 3000 1000 3101; x_wconf 49' lang='lat' dir='ltr'>sisinninm</span> <span class='ocrx_word' id='word_1_230' title='bbox 1021 3058 1097 3102; x_wconf 82' lang='lat' dir='ltr'>states</span> <span class='ocrx_word' id='word_1_231' title='bbox 1120 2992 1241 3103; x_wconf 56' lang='lat' dir='ltr'>ppergci</span> <span class='ocrx_word' id='word_1_232' title='bbox 1260 3003 1334 3113; x_wconf 48' lang='lat' dir='ltr'>mh?</span> <span class='ocrx_word' id='word_1_233' title='bbox 1346 3003 1398 3103; x_wconf 53' lang='lat' dir='ltr'>lid·</span> 
     </span>
     <span class='ocr_line' id='line_1_29' title="bbox 196 3113 1398 3180; baseline 0.004 -17"><span class='ocrx_word' id='word_1_234' title='bbox 196 3113 239 3179; x_wconf 87' lang='lat' dir='ltr'>ing</span> <span class='ocrx_word' id='word_1_235' title='bbox 250 3121 277 3164; x_wconf 86' lang='lat' dir='ltr'>to</span> <span class='ocrx_word' id='word_1_236' title='bbox 289 3115 357 3179; x_wconf 86' lang='lat' dir='ltr'>Borg</span> <span class='ocrx_word' id='word_1_237' title='bbox 374 3114 417 3164; x_wconf 89' lang='lat' dir='ltr'>esi.</span> <span class='ocrx_word' id='word_1_238' title='bbox 823 3115 928 3176; x_wconf 83' lang='lat' dir='ltr'>mantia,</span> <span class='ocrx_word' id='word_1_239' title='bbox 945 3115 1068 3176; x_wconf 77' lang='lat' dir='ltr'>Corinth3</span> <span class='ocrx_word' id='word_1_240' title='bbox 1084 3115 1111 3166; x_wconf 79' lang='lat' dir='ltr'>lci</span> <span class='ocrx_word' id='word_1_241' title='bbox 1174 3118 1274 3167; x_wconf 80' lang='lat' dir='ltr'>suchss</span> <span class='ocrx_word' id='word_1_242' title='bbox 1306 3134 1398 3180; x_wconf 87' lang='lat' dir='ltr'>erseus,</span> 
     </span>
     <span class='ocr_line' id='line_1_30' title="bbox 228 3179 1400 3240; baseline 0.006 -12"><span class='ocrx_word' id='word_1_243' title='bbox 228 3189 250 3240; x_wconf 84' lang='lat'>7.</span> <span class='ocrx_word' id='word_1_244' title='bbox 270 3183 393 3237; x_wconf 66' lang='lat' dir='ltr'>eloi-iem</span> <span class='ocrx_word' id='word_1_245' title='bbox 415 3192 581 3237; x_wconf 78' lang='lat' dir='ltr'>nomenque</span> <span class='ocrx_word' id='word_1_246' title='bbox 599 3183 774 3230; x_wconf 78' lang='lat' dir='ltr'>Britannicis</span> <span class='ocrx_word' id='word_1_247' title='bbox 822 3179 970 3231; x_wconf 82' lang='lat' dir='ltr'>Antiochus.</span> <span class='ocrx_word' id='word_1_248' title='bbox 1008 3180 1123 3231; x_wconf 83' lang='lat' dir='ltr'>Heraeus</span> <span class='ocrx_word' id='word_1_249' title='bbox 1151 3197 1192 3232; x_wconf 89' lang='lat' dir='ltr'>ere</span> <span class='ocrx_word' id='word_1_250' title='bbox 1203 3182 1253 3231; x_wconf 84' lang='lat' dir='ltr'>and</span> <span class='ocrx_word' id='word_1_251' title='bbox 1264 3183 1400 3235; x_wconf 81' lang='lat' dir='ltr'>elsewhere</span> 
     </span>
     <span class='ocr_line' id='line_1_31' title="bbox 195 3245 1156 3302; baseline 0.003 -10"><span class='ocrx_word' id='word_1_252' title='bbox 195 3248 429 3302; x_wconf 79' lang='lat' dir='ltr'>expeditionibus</span> <span class='ocrx_word' id='word_1_253' title='bbox 452 3249 614 3294; x_wconf 83' lang='lat' dir='ltr'>meruisset.</span> <span class='ocrx_word' id='word_1_254' title='bbox 664 3245 713 3295; x_wconf 87' lang='lat' dir='ltr'>For</span> <span class='ocrx_word' id='word_1_255' title='bbox 740 3260 773 3294; x_wconf 80' lang='lat' dir='ltr'>an</span> <span class='ocrx_word' id='word_1_256' title='bbox 822 3246 895 3295; x_wconf 88' lang='lat' dir='ltr'>reads</span> <span class='ocrx_word' id='word_1_257' title='bbox 906 3245 1156 3295; x_wconf 64' lang='lat' dir='ltr'>excusatorum.</span> 
     </span>
     <span class='ocr_line' id='line_1_32' title="bbox 195 3308 1400 3372; baseline 0.005 -14"><span class='ocrx_word' id='word_1_258' title='bbox 195 3315 300 3358; x_wconf 76' lang='lat' dir='ltr'>account</span> <span class='ocrx_word' id='word_1_259' title='bbox 312 3308 341 3358; x_wconf 83' lang='lat' dir='ltr'>ci</span> <span class='ocrx_word' id='word_1_260' title='bbox 350 3309 428 3369; x_wconf 89' lang='lat' dir='ltr'>them,</span> <span class='ocrx_word' id='word_1_261' title='bbox 442 3325 483 3359; x_wconf 88' lang='lat' dir='ltr'>see</span> <span class='ocrx_word' id='word_1_262' title='bbox 495 3310 562 3358; x_wconf 84' lang='lat' dir='ltr'>Anu.</span> <span class='ocrx_word' id='word_1_263' title='bbox 577 3309 625 3360; x_wconf 83' lang='lat' dir='ltr'>xiv.</span> <span class='ocrx_word' id='word_1_264' title='bbox 641 3320 724 3372; x_wconf 53' lang='lat'><strong>2939.</strong></span> <span class='ocrx_word' id='word_1_265' title='bbox 855 3324 879 3371; x_wconf 78' lang='lat'><em>4</em></span> <span class='ocrx_word' id='word_1_266' title='bbox 899 3323 1019 3360; x_wconf 74' lang='lat' dir='ltr'>secum</span> <span class='ocrx_word' id='word_1_267' title='bbox 1037 3323 1055 3358; x_wconf 92' lang='grc' dir='ltr'><strong>ο</strong></span> <span class='ocrx_word' id='word_1_268' title='bbox 1127 3314 1333 3370; x_wconf 72' lang='lat' dir='ltr'>concupiscere</span> <span class='ocrx_word' id='word_1_269' title='bbox 1351 3327 1400 3364; x_wconf 73' lang='lat' dir='ltr'>va·</span> 
     </span>
     <span class='ocr_line' id='line_1_33' title="bbox 231 3375 1400 3432; baseline 0.005 -10"><span class='ocrx_word' id='word_1_270' title='bbox 231 3386 267 3422; x_wconf 73' lang='lat' dir='ltr'>ra</span> <span class='ocrx_word' id='word_1_271' title='bbox 283 3378 378 3431; x_wconf 83' lang='lat' dir='ltr'>utqui</span> <span class='ocrx_word' id='word_1_272' title='bbox 389 3377 773 3432; x_wconf 82' lang='lat' dir='ltr'>paoemoeiliamore-bei·</span> <span class='ocrx_word' id='word_1_273' title='bbox 823 3378 983 3425; x_wconf 79' lang='lat' dir='ltr'>ouumtuit</span> <span class='ocrx_word' id='word_1_274' title='bbox 1017 3375 1035 3400; x_wconf 80' lang='lat'>‘⁴</span> <span class='ocrx_word' id='word_1_275' title='bbox 1073 3376 1400 3428; x_wconf 81' lang='lat' dir='ltr'>enuereicilwithleisure</span> 
     </span>
     <span class='ocr_line' id='line_1_34' title="bbox 195 3437 1401 3520; baseline 0.005 -34"><span class='ocrx_word' id='word_1_276' title='bbox 195 3441 257 3487; x_wconf 87' lang='lat' dir='ltr'>lum</span> <span class='ocrx_word' id='word_1_277' title='bbox 284 3442 366 3496; x_wconf 77' lang='lat' dir='ltr'>necis</span> <span class='ocrx_word' id='word_1_278' title='bbox 393 3443 524 3489; x_wconf 71' lang='lat' dir='ltr'>cantate</span> <span class='ocrx_word' id='word_1_279' title='bbox 561 3439 624 3489; x_wconf 90' lang='lat' dir='ltr'>This</span> <span class='ocrx_word' id='word_1_280' title='bbox 646 3440 773 3489; x_wconf 88' lang='lat' dir='ltr'>elaborate</span> <span class='ocrx_word' id='word_1_281' title='bbox 824 3447 850 3489; x_wconf 87' lang='lat' dir='ltr'>to</span> <span class='ocrx_word' id='word_1_282' title='bbox 866 3448 939 3490; x_wconf 82' lang='lat' dir='ltr'>covct</span> <span class='ocrx_word' id='word_1_283' title='bbox 955 3437 1046 3489; x_wconf 78' lang='lat' dir='ltr'>wealth</span> <span class='ocrx_word' id='word_1_284' title='bbox 1064 3439 1145 3490; x_wconf 74' lang='lat' dir='ltr'>which</span> <span class='ocrx_word' id='word_1_285' title='bbox 1163 3440 1221 3505; x_wconf 84' lang='lat' dir='ltr'>they</span> <span class='ocrx_word' id='word_1_286' title='bbox 1235 3442 1309 3491; x_wconf 91' lang='lat' dir='ltr'>could</span> <span class='ocrx_word' id='word_1_287' title='bbox 1325 3442 1401 3520; x_wconf 76' lang='lat' dir='ltr'>enjoy</span> 
     </span>
     <span class='ocr_line' id='line_1_35' title="bbox 195 3501 1396 3570; baseline 0.006 -19"><span class='ocrx_word' id='word_1_288' title='bbox 195 3501 326 3552; x_wconf 76' lang='lat' dir='ltr'>antithesis</span> <span class='ocrx_word' id='word_1_289' title='bbox 347 3503 398 3552; x_wconf 90' lang='lat' dir='ltr'>and</span> <span class='ocrx_word' id='word_1_290' title='bbox 423 3503 557 3568; x_wconf 82' lang='lat' dir='ltr'>balancing</span> <span class='ocrx_word' id='word_1_291' title='bbox 579 3504 608 3553; x_wconf 85' lang='lat' dir='ltr'>ol</span> <span class='ocrx_word' id='word_1_292' title='bbox 630 3503 774 3569; x_wconf 80' lang='lat' dir='ltr'>phrasesis</span> <span class='ocrx_word' id='word_1_293' title='bbox 823 3502 962 3569; x_wconf 76' lang='lat' dir='ltr'>insciety.”</span> <span class='ocrx_word' id='word_1_294' title='bbox 996 3504 1396 3570; x_wconf 81' lang='lat' dir='ltr'>Heraeuscomparessall.H1st.</span> 
     </span>
     <span class='ocr_line' id='line_1_36' title="bbox 195 3566 1399 3635; baseline 0.006 -19"><span class='ocrx_word' id='word_1_295' title='bbox 195 3575 249 3628; x_wconf 91' lang='lat' dir='ltr'>not,</span> <span class='ocrx_word' id='word_1_296' title='bbox 263 3567 306 3617; x_wconf 89' lang='lat' dir='ltr'>the</span> <span class='ocrx_word' id='word_1_297' title='bbox 316 3567 399 3618; x_wconf 78' lang='lat' dir='ltr'>critice</span> <span class='ocrx_word' id='word_1_298' title='bbox 415 3584 466 3632; x_wconf 86' lang='lat' dir='ltr'>say,</span> <span class='ocrx_word' id='word_1_299' title='bbox 480 3566 641 3620; x_wconf 85' lang='lat' dir='ltr'>inTacitus&#39;s</span> <span class='ocrx_word' id='word_1_300' title='bbox 657 3569 774 3634; x_wconf 73' lang='lat' dir='ltr'>ordinary</span> <span class='ocrx_word' id='word_1_301' title='bbox 824 3569 865 3618; x_wconf 80' lang='lat' dir='ltr'>Fr.</span> <span class='ocrx_word' id='word_1_302' title='bbox 895 3568 912 3618; x_wconf 91' lang='lat' dir='ltr'>i.</span> <span class='ocrx_word' id='word_1_303' title='bbox 945 3581 984 3629; x_wconf 88' lang='lat'>12,</span> <span class='ocrx_word' id='word_1_304' title='bbox 1015 3571 1176 3635; x_wconf 85' lang='lat' dir='ltr'>“postquam</span> <span class='ocrx_word' id='word_1_305' title='bbox 1205 3578 1301 3621; x_wconf 88' lang='lat' dir='ltr'>remoto</span> <span class='ocrx_word' id='word_1_306' title='bbox 1331 3579 1399 3623; x_wconf 86' lang='lat' dir='ltr'>metu</span> 
     </span>
     <span class='ocr_line' id='line_1_37' title="bbox 197 3633 1398 3688; baseline 0.005 -7"><span class='ocrx_word' id='word_1_307' title='bbox 197 3647 307 3682; x_wconf 86' lang='lat' dir='ltr'>manner.</span> <span class='ocrx_word' id='word_1_308' title='bbox 825 3633 919 3683; x_wconf 88' lang='lat' dir='ltr'>Punico</span> <span class='ocrx_word' id='word_1_309' title='bbox 938 3633 1077 3685; x_wconf 77' lang='lat' dir='ltr'>simultates</span> <span class='ocrx_word' id='word_1_310' title='bbox 1096 3650 1210 3685; x_wconf 82' lang='lat' dir='ltr'>exercere</span> <span class='ocrx_word' id='word_1_311' title='bbox 1228 3651 1331 3686; x_wconf 84' lang='lat' dir='ltr'>vacuum</span> <span class='ocrx_word' id='word_1_312' title='bbox 1352 3636 1398 3688; x_wconf 85' lang='lat' dir='ltr'>fult</span> 
     </span>
     <span class='ocr_line' id='line_1_38' title="bbox 196 3698 1399 3812; baseline 0.006 -67"><span class='ocrx_word' id='word_1_313' title='bbox 196 3700 396 3811; x_wconf 52' lang='lat' dir='ltr'>Thracum&amp;</span> <span class='ocrx_word' id='word_1_314' title='bbox 417 3701 771 3812; x_wconf 47' lang='grc' dir='ltr'>ωᾳτὶδιιεμιιιεωῗὲὲοιέοο.</span> <span class='ocrx_word' id='word_1_315' title='bbox 824 3698 1093 3812; x_wconf 51' lang='lat' dir='ltr'>plplnl&#39;iqraetpurbqenet</span> <span class='ocrx_word' id='word_1_316' title='bbox 1110 3699 1144 3749; x_wconf 85' lang='lat' dir='ltr'>ad</span> <span class='ocrx_word' id='word_1_317' title='bbox 1163 3706 1313 3765; x_wconf 85' lang='lat' dir='ltr'>postremum</span> <span class='ocrx_word' id='word_1_318' title='bbox 1333 3701 1399 3752; x_wconf 77' lang='lat' dir='ltr'>belle</span> 
     </span>
     <span class='ocr_line' id='line_1_39' title="bbox 197 3777 1399 3940; baseline 0.004 -66"><span class='ocrx_word' id='word_1_319' title='bbox 197 3778 272 3938; x_wconf 52' lang='lat' dir='ltr'>madir?</span> <span class='ocrx_word' id='word_1_320' title='bbox 290 3777 495 3940; x_wconf 41' lang='lat' dir='ltr'>&amp;dicibilia</span> <span class='ocrx_word' id='word_1_321' title='bbox 504 3777 775 3877; x_wconf 48' lang='lat' dir='ltr'>elidironceenvieell</span> <span class='ocrx_word' id='word_1_322' title='bbox 823 3779 846 3813; x_wconf 59' lang='lat' dir='ltr'><strong>m</strong></span> <span class='ocrx_word' id='word_1_323' title='bbox 856 3825 880 3876; x_wconf 90' lang='grc'>6.</span> <span class='ocrx_word' id='word_1_324' title='bbox 897 3778 1161 3877; x_wconf 41' lang='grc' dir='ltr'>ἐὲᾱοθῖῗιὲδωουιί</span> <span class='ocrx_word' id='word_1_325' title='bbox 1178 3831 1295 3888; x_wconf 84' lang='lat' dir='ltr'>tribuni,</span> <span class='ocrx_word' id='word_1_326' title='bbox 1311 3833 1399 3879; x_wconf 87' lang='lat' dir='ltr'>modo</span> 
     </span>
     <span class='ocr_line' id='line_1_40' title="bbox 195 3905 297 3940; baseline 0.01 -1"><span class='ocrx_word' id='word_1_327' title='bbox 195 3905 229 3939; x_wconf 85' lang='lat' dir='ltr'>an</span> <span class='ocrx_word' id='word_1_328' title='bbox 264 3906 297 3940; x_wconf 92' lang='lat' dir='ltr'>oc</span> 
     </span>
     <span class='ocr_line' id='line_1_41' title="bbox 232 3955 1399 4020; baseline 0.005 -17"><span class='ocrx_word' id='word_1_329' title='bbox 232 3955 269 4003; x_wconf 85' lang='lat'>16.</span> <span class='ocrx_word' id='word_1_330' title='bbox 300 3958 534 4014; x_wconf 78' lang='lat' dir='ltr'>obstrictumque</span> <span class='ocrx_word' id='word_1_331' title='bbox 562 3959 674 4005; x_wconf 84' lang='lat' dir='ltr'>meritis</span> <span class='ocrx_word' id='word_1_332' title='bbox 701 3959 772 4007; x_wconf 81' lang='lat' dir='ltr'>suis.</span> <span class='ocrx_word' id='word_1_333' title='bbox 824 3955 913 4020; x_wconf 79' lang='lat' dir='ltr'>phrase</span> <span class='ocrx_word' id='word_1_334' title='bbox 930 3955 963 4005; x_wconf 90' lang='lat' dir='ltr'>he</span> <span class='ocrx_word' id='word_1_335' title='bbox 984 3955 1081 4005; x_wconf 82' lang='lat' dir='ltr'>alludes</span> <span class='ocrx_word' id='word_1_336' title='bbox 1099 3964 1125 4007; x_wconf 87' lang='lat' dir='ltr'>to</span> <span class='ocrx_word' id='word_1_337' title='bbox 1142 3955 1225 4007; x_wconf 89' lang='lat' dir='ltr'>Tiber.</span> <span class='ocrx_word' id='word_1_338' title='bbox 1251 3958 1301 4007; x_wconf 85' lang='lat' dir='ltr'>and</span> <span class='ocrx_word' id='word_1_339' title='bbox 1324 3957 1399 4009; x_wconf 79' lang='lat' dir='ltr'>Ceius</span> 
     </span>
     <span class='ocr_line' id='line_1_42' title="bbox 197 4018 1399 4080; baseline 0.002 -10"><span class='ocrx_word' id='word_1_340' title='bbox 197 4018 313 4070; x_wconf 88' lang='lat' dir='ltr'>Somecs</span> <span class='ocrx_word' id='word_1_341' title='bbox 327 4019 480 4071; x_wconf 85' lang='lat' dir='ltr'>theiniericr</span> <span class='ocrx_word' id='word_1_342' title='bbox 493 4021 569 4072; x_wconf 84' lang='lat' dir='ltr'><strong>MSS.</strong></span> <span class='ocrx_word' id='word_1_343' title='bbox 584 4022 643 4071; x_wconf 85' lang='lat' dir='ltr'>read</span> <span class='ocrx_word' id='word_1_344' title='bbox 655 4021 773 4080; x_wconf 74' lang='lat' dir='ltr'>moribus,</span> <span class='ocrx_word' id='word_1_345' title='bbox 824 4019 953 4071; x_wconf 77' lang='lat' dir='ltr'>Gracchus</span> <span class='ocrx_word' id='word_1_346' title='bbox 974 4020 1179 4071; x_wconf 82' lang='lat' dir='ltr'>Saiuminus-iu</span> <span class='ocrx_word' id='word_1_347' title='bbox 1199 4022 1243 4072; x_wconf 90' lang='lat' dir='ltr'>the</span> <span class='ocrx_word' id='word_1_348' title='bbox 1259 4023 1351 4073; x_wconf 90' lang='lat' dir='ltr'>second</span> <span class='ocrx_word' id='word_1_349' title='bbox 1372 4030 1399 4073; x_wconf 90' lang='lat' dir='ltr'>to</span> 
     </span>
     <span class='ocr_line' id='line_1_43' title="bbox 195 4084 1242 4152; baseline 0.005 -20"><span class='ocrx_word' id='word_1_350' title='bbox 195 4084 336 4135; x_wconf 78' lang='lat' dir='ltr'>amisialre</span> <span class='ocrx_word' id='word_1_351' title='bbox 356 4086 412 4135; x_wconf 86' lang='lat' dir='ltr'>The</span> <span class='ocrx_word' id='word_1_352' title='bbox 421 4086 538 4152; x_wconf 86' lang='lat' dir='ltr'>meaning</span> <span class='ocrx_word' id='word_1_353' title='bbox 546 4088 575 4136; x_wconf 84' lang='lat' dir='ltr'>oi</span> <span class='ocrx_word' id='word_1_354' title='bbox 580 4085 775 4151; x_wconf 76' lang='lat' dir='ltr'>naen&#39;ta‘sis“by</span> <span class='ocrx_word' id='word_1_355' title='bbox 825 4085 950 4151; x_wconf 88' lang='lat' dir='ltr'>Opimius,</span> <span class='ocrx_word' id='word_1_356' title='bbox 965 4085 1080 4146; x_wconf 85' lang='lat' dir='ltr'>Scaurus,</span> <span class='ocrx_word' id='word_1_357' title='bbox 1094 4085 1242 4145; x_wconf 71' lang='lat' dir='ltr'>Cinnaetc.</span> 
     </span>
     <span class='ocr_line' id='line_1_44' title="bbox 196 4148 1401 4216; baseline 0.003 -19"><span class='ocrx_word' id='word_1_358' title='bbox 196 4148 239 4198; x_wconf 88' lang='lat' dir='ltr'>the</span> <span class='ocrx_word' id='word_1_359' title='bbox 250 4149 356 4199; x_wconf 87' lang='lat' dir='ltr'>benehts</span> <span class='ocrx_word' id='word_1_360' title='bbox 368 4150 427 4213; x_wconf 80' lang='lat' dir='ltr'>they</span> <span class='ocrx_word' id='word_1_361' title='bbox 437 4150 487 4200; x_wconf 87' lang='lat' dir='ltr'>had</span> <span class='ocrx_word' id='word_1_362' title='bbox 499 4151 566 4201; x_wconf 86' lang='lat' dir='ltr'>done</span> <span class='ocrx_word' id='word_1_363' title='bbox 577 4151 776 4216; x_wconf 83' lang='lat' dir='ltr'>himinpuiting</span> <span class='ocrx_word' id='word_1_364' title='bbox 858 4161 880 4212; x_wconf 84' lang='lat'>7.</span> <span class='ocrx_word' id='word_1_365' title='bbox 900 4164 918 4200; x_wconf 86' lang='lat' dir='ltr'>e</span> <span class='ocrx_word' id='word_1_366' title='bbox 933 4154 1018 4209; x_wconf 79' lang='lat' dir='ltr'>plebe</span> <span class='ocrx_word' id='word_1_367' title='bbox 1033 4154 1139 4200; x_wconf 76' lang='lat' dir='ltr'>infima</span> <span class='ocrx_word' id='word_1_368' title='bbox 1174 4152 1401 4202; x_wconf 78' lang='lat' dir='ltr'>Henasanouuc</span> 
     </span>
     <span class='ocr_line' id='line_1_45' title="bbox 197 4213 1374 4281; baseline 0.003 -19"><span class='ocrx_word' id='word_1_369' title='bbox 197 4213 249 4262; x_wconf 91' lang='lat' dir='ltr'>him</span> <span class='ocrx_word' id='word_1_370' title='bbox 262 4230 295 4263; x_wconf 92' lang='lat' dir='ltr'>on</span> <span class='ocrx_word' id='word_1_371' title='bbox 308 4214 350 4264; x_wconf 86' lang='lat' dir='ltr'>the</span> <span class='ocrx_word' id='word_1_372' title='bbox 362 4214 477 4265; x_wconf 86' lang='lat' dir='ltr'>throne.”</span> <span class='ocrx_word' id='word_1_373' title='bbox 824 4216 902 4274; x_wconf 79' lang='lat' dir='ltr'>homo,</span> <span class='ocrx_word' id='word_1_374' title='bbox 915 4215 1013 4265; x_wconf 88' lang='lat' dir='ltr'>theson</span> <span class='ocrx_word' id='word_1_375' title='bbox 1024 4215 1053 4265; x_wconf 86' lang='lat' dir='ltr'>cl</span> <span class='ocrx_word' id='word_1_376' title='bbox 1061 4231 1077 4264; x_wconf 88' lang='lat' dir='ltr'>a</span> <span class='ocrx_word' id='word_1_377' title='bbox 1087 4232 1193 4280; x_wconf 84' lang='lat' dir='ltr'>yeoman</span> <span class='ocrx_word' id='word_1_378' title='bbox 1204 4224 1230 4266; x_wconf 86' lang='lat' dir='ltr'>at</span> <span class='ocrx_word' id='word_1_379' title='bbox 1242 4216 1374 4281; x_wconf 83' lang='lat' dir='ltr'>Arpinum.</span> 
     </span>
     <span class='ocr_line' id='line_1_46' title="bbox 229 4279 1400 4343; baseline 0.003 -17"><span class='ocrx_word' id='word_1_380' title='bbox 229 4282 274 4326; x_wconf 82' lang='lat'>88.</span> <span class='ocrx_word' id='word_1_381' title='bbox 299 4291 319 4327; x_wconf 87' lang='lat'>1.</span> <span class='ocrx_word' id='word_1_382' title='bbox 339 4283 426 4328; x_wconf 79' lang='lat' dir='ltr'>vetus</span> <span class='ocrx_word' id='word_1_383' title='bbox 444 4294 480 4329; x_wconf 83' lang='lat' dir='ltr'>cc</span> <span class='ocrx_word' id='word_1_384' title='bbox 498 4283 565 4329; x_wconf 82' lang='lat' dir='ltr'>iem.</span> <span class='ocrx_word' id='word_1_385' title='bbox 607 4279 670 4329; x_wconf 83' lang='lat' dir='ltr'>This</span> <span class='ocrx_word' id='word_1_386' title='bbox 687 4295 773 4343; x_wconf 80' lang='lat' dir='ltr'>peren-</span> <span class='ocrx_word' id='word_1_387' title='bbox 857 4292 880 4340; x_wconf 91' lang='lat'>9.</span> <span class='ocrx_word' id='word_1_388' title='bbox 902 4283 1166 4329; x_wconf 83' lang='lat' dir='ltr'>indominationem</span> <span class='ocrx_word' id='word_1_389' title='bbox 1175 4285 1334 4330; x_wconf 81' lang='lat' dir='ltr'>verterunt</span> <span class='ocrx_word' id='word_1_390' title='bbox 1360 4280 1400 4332; x_wconf 88' lang='lat' dir='ltr'>ci.</span> 
     </span>
     <span class='ocr_line' id='line_1_47' title="bbox 199 4340 1401 4408; baseline 0.005 -19"><span class='ocrx_word' id='word_1_391' title='bbox 199 4340 300 4390; x_wconf 87' lang='lat' dir='ltr'>thetical</span> <span class='ocrx_word' id='word_1_392' title='bbox 319 4349 425 4391; x_wconf 86' lang='lat' dir='ltr'>account</span> <span class='ocrx_word' id='word_1_393' title='bbox 444 4343 473 4392; x_wconf 89' lang='lat' dir='ltr'>oi</span> <span class='ocrx_word' id='word_1_394' title='bbox 489 4344 532 4393; x_wconf 89' lang='lat' dir='ltr'>the</span> <span class='ocrx_word' id='word_1_395' title='bbox 551 4344 598 4392; x_wconf 88' lang='lat' dir='ltr'>rise</span> <span class='ocrx_word' id='word_1_396' title='bbox 614 4344 643 4392; x_wconf 83' lang='lat' dir='ltr'>ci</span> <span class='ocrx_word' id='word_1_397' title='bbox 660 4344 774 4407; x_wconf 87' lang='lat' dir='ltr'>personal</span> <span class='ocrx_word' id='word_1_398' title='bbox 824 4343 890 4391; x_wconf 84' lang='lat' dir='ltr'>Ann.</span> <span class='ocrx_word' id='word_1_399' title='bbox 898 4342 914 4392; x_wconf 92' lang='lat' dir='ltr'>i.</span> <span class='ocrx_word' id='word_1_400' title='bbox 928 4354 949 4402; x_wconf 87' lang='lat'>1,</span> <span class='ocrx_word' id='word_1_401' title='bbox 962 4344 980 4368; x_wconf 83' lang='lat'>‘⁸</span> <span class='ocrx_word' id='word_1_402' title='bbox 988 4358 1039 4393; x_wconf 89' lang='lat' dir='ltr'>non</span> <span class='ocrx_word' id='word_1_403' title='bbox 1049 4343 1152 4402; x_wconf 63' lang='lat' dir='ltr'>Cinnae</span> <span class='ocrx_word' id='word_1_404' title='bbox 1161 4359 1212 4394; x_wconf 89' lang='lat' dir='ltr'>non</span> <span class='ocrx_word' id='word_1_405' title='bbox 1221 4344 1315 4404; x_wconf 87' lang='lat' dir='ltr'>Sullae,</span> <span class='ocrx_word' id='word_1_406' title='bbox 1326 4345 1401 4408; x_wconf 80' lang='lat' dir='ltr'>ionga</span> 
     </span>
     <span class='ocr_line' id='line_1_48' title="bbox 198 4404 989 4471; baseline 0.001 -17"><span class='ocrx_word' id='word_1_407' title='bbox 198 4405 333 4455; x_wconf 84' lang='lat' dir='ltr'>ambitions</span> <span class='ocrx_word' id='word_1_408' title='bbox 343 4413 369 4455; x_wconf 80' lang='lat' dir='ltr'>at</span> <span class='ocrx_word' id='word_1_409' title='bbox 383 4406 464 4456; x_wconf 87' lang='lat' dir='ltr'>Rome</span> <span class='ocrx_word' id='word_1_410' title='bbox 476 4406 496 4456; x_wconf 92' lang='lat' dir='ltr'>is</span> <span class='ocrx_word' id='word_1_411' title='bbox 507 4406 596 4471; x_wconf 91' lang='lat' dir='ltr'>copied</span> <span class='ocrx_word' id='word_1_412' title='bbox 608 4407 680 4465; x_wconf 79' lang='lat' dir='ltr'>from,</span> <span class='ocrx_word' id='word_1_413' title='bbox 689 4408 739 4456; x_wconf 85' lang='lat' dir='ltr'>and</span> <span class='ocrx_word' id='word_1_414' title='bbox 748 4407 775 4456; x_wconf 90' lang='lat' dir='ltr'>in</span> <span class='ocrx_word' id='word_1_415' title='bbox 825 4404 989 4456; x_wconf 82' lang='lat' dir='ltr'>dominaiic.”</span> 
     </span>
    </p>
   </div>
   <div class='ocr_carea' id='block_1_6' title="bbox 350 4491 374 4553">
    <p class='ocr_par' dir='ltr' id='par_1_6' title="bbox 350 4491 374 4553">
     <span class='ocr_line' id='line_1_49' title="bbox 350 4491 374 4553; baseline 0 0"><span class='ocrx_word' id='word_1_416' title='bbox 350 4491 374 4553; x_wconf 90' lang='lat' dir='ltr'>Q</span> 
     </span>
    </p>
   </div>
   <div class='ocr_carea' id='block_1_7' title="bbox 357 3890 1399 3957">
    <p class='ocr_par' dir='ltr' id='par_1_7' title="bbox 357 3890 1399 3957">
     <span class='ocr_line' id='line_1_50' title="bbox 357 3890 1399 3957; baseline 0.006 -19"><span class='ocrx_word' id='word_1_417' title='bbox 357 3890 432 3940; x_wconf 85' lang='lat' dir='ltr'>down</span> <span class='ocrx_word' id='word_1_418' title='bbox 440 3907 473 3940; x_wconf 89' lang='lat' dir='ltr'>on</span> <span class='ocrx_word' id='word_1_419' title='bbox 482 3891 515 3955; x_wconf 81' lang='lat' dir='ltr'>by</span> <span class='ocrx_word' id='word_1_420' title='bbox 524 3891 567 3940; x_wconf 89' lang='lat' dir='ltr'>the</span> <span class='ocrx_word' id='word_1_421' title='bbox 575 3893 672 3956; x_wconf 84' lang='lat' dir='ltr'>regular</span> <span class='ocrx_word' id='word_1_422' title='bbox 680 3899 773 3957; x_wconf 86' lang='lat' dir='ltr'>troops.</span> <span class='ocrx_word' id='word_1_423' title='bbox 824 3895 959 3941; x_wconf 84' lang='lat' dir='ltr'>consules</span> <span class='ocrx_word' id='word_1_424' title='bbox 991 3895 1158 3950; x_wconf 71' lang='lat' dir='ltr'>praevalidi</span> <span class='ocrx_word' id='word_1_425' title='bbox 1206 3893 1237 3942; x_wconf 92' lang='lat' dir='ltr'>ln</span> <span class='ocrx_word' id='word_1_426' title='bbox 1270 3893 1313 3944; x_wconf 88' lang='lat' dir='ltr'>the</span> <span class='ocrx_word' id='word_1_427' title='bbox 1346 3892 1399 3944; x_wconf 85' lang='lat' dir='ltr'>first</span> 
     </span>
    </p>
   </div>
   <div class='ocr_carea' id='block_1_8' title="bbox 0 0 1598 5348">
    <p class='ocr_par' dir='ltr' id='par_1_8' title="bbox 0 0 1598 5348">
     <span class='ocr_line' id='line_1_51' title="bbox 0 0 1598 5348; baseline 0 0"><span class='ocrx_word' id='word_1_428' title='bbox 0 0 1598 5348; x_wconf 95' lang='lat' dir='ltr'> </span> 
     </span>
    </p>
   </div>
  </div>
 </body>
</html>
