3164 5348
202 653 261 713 440
366 643 380 720 ,”
442 651 669 715 CORNELII
690 652 848 713 TACITI
867 650 1199 711 HISTORIARUM

142 850 178 889 ro
201 828 297 892 acciti
315 826 442 891 auxilio
460 826 619 891 Germani
645 827 743 891 sociis
769 827 892 911 pariter
908 836 1009 909 atque
1035 824 1187 889 hostibus
1210 825 1405 890 servitutem

203 930 427 1012 inposuerant
461 926 573 1011 ,Quot
608 927 740 1010 praeliis
775 927 940 998 adversus¹
969 926 1122 991 Cimbros
1157 926 1411 1010 Teutonosque,

202 1030 340 1113 quantis¹
347 1029 554 1093 exercituum
566 1040 754 1093 nostrorum
768 1027 937 1093 laboribus
949 1048 1059 1111 quove
1072 1037 1193 1091 eventu
1207 1025 1408 1092 Germanica
1454 1095 1462 1111 .

204 1130 292 1195 bella
306 1131 565 1208 tractaverimus,
577 1131 658 1194 satis
672 1129 818 1195 clarum'
835 1129 907 1193 Nec
919 1129 995 1193 ideo
1006 1128 1162 1193 Rhenum
1175 1128 1357 1192 insedimus
1367 1136 1407 1193 ut

208 1231 341 1296 ltaliam
367 1231 618 1309 tueremur,'sed
638 1252 680 1296 ne
698 1231 772 1314 quis
790 1231 874 1296 alius
891 1231 1081 1295 Ariovistus
1099 1249 1203 1312 regno
1221 1228 1405 1295 Galliarum

47 1393 49 1402 .
145 1350 179 1411 15
205 1333 374 1416 potiretur.
426 1331 484 1396 An
502 1352 563 1396 vos
580 1333 722 1398 cariores
742 1331 839 1399 Civili
858 1332 1060 1415 Batavisque
1082 1340 1117 1395 et
1140 1329 1407 1395 Transrhenanis

204 1433 360 1515 gentibus
386 1432 520 1497 creditis
546 1452 647 1515 quam
675 1432 855 1496 maioribus
881 1452 995 1496 eorum
1023 1440 1134 1514 patres
1160 1431 1280 1513 avique
1305 1432 1411 1511 vestri

204 1532 362 1597 suerunt?
415 1532 544 1597 Eadem
572 1552 705 1615 semper
738 1552 838 1596 causa
874 1531 1051 1596 Germanis
1086 1531 1342 1595 transcendendi
1372 1531 1407 1594 in

206 1632 340 1710 Gallias,
358 1632 462 1696 libido
480 1641 581 1715 atque
598 1633 737 1698 avaritia
753 1632 987 1697 et'mutandae
1005 1632 1094 1695 sedis
1112 1650 1221 1708 amor,
1231 1639 1272 1695 ut
1287 1628 1410 1695 relictis

205 1733 385 1818 paludibus
400 1742 435 1798 et
451 1732 687 1799 solitudinibus
704 1734 772 1798 suis
785 1733 1057 1797 fecundissimum
1075 1732 1139 1796 hoc
1157 1732 1265 1797 solum
1283 1752 1410 1816 vosque

145 1855 182 1894 πο
206 1836 296 1918 ipsos
322 1835 538 1918 possiderent.
587 1834 742 1900 Ceterum
770 1834 905 1900 libertas
930 1843 964 1898 et
991 1835 1141 1917 speciosa
1161 1834 1297 1898 nomina
1314 1853 1410 1917 prae-

206 1944 390 2014 texuntur;
417 1955 477 1999 nec
504 1937 680 2019 quisquam
707 1935 852 2000 alienum
879 1936 1049 1999 servitium
1080 1944 1115 2000 et
1142 1934 1409 1999 dominationem

207 2037 269 2104 sibl
288 2022 491 2120 concupivit:
503 2046 541 2101 ut
554 2047 626 2100 'non
645 2039 762 2102 eadem
781 2038 845 2100 ista
862 2035 1024 2101 vocabula
1042 2045 1223 2118 usurparet
1301 2063 1303 2067 ¹

214 2170 226 2204 μ
278 2149 340 2216 74.
367 2138 514 2219 “Regna
540 2136 694 2220 bellaque
719 2158 779 2220 per
803 2136 930 2201 Gallias
958 2156 1090 2219 semper
1115 2136 1214 2214 luere,
1240 2136 1348 2200 donec
1363 2135 1409 2199 'in

208 2247 357 2301 nostru'm
376 2238 426 2301 ius
444 2238 676 2302 concederetis.
722 2238 803 2315 Nos,
820 2257 1023 2320 quamquam
1038 2235 1327 2312 totiens'lacessiti,
1341 2237 1411 2299 iure

208 2338 364 2401 victoriae
382 2337 415 2400 id
435 2337 542 2401 solum
560 2338 656 2401 vobis
674 2338 865 2401 addidimus
882 2357 949 2420 quo
967 2357 1084 2419 pacem
1103 2345 1278 2400 tueremur.
1319 2335 1409 2399 Nam

209 2456 316 2519 neque
346 2438 440 2519 quies
470 2437 621 2519 gentium
652 2439 724 2500 sine
755 2438 855 2501 armis
886 2457 994 2520 neque
1020 2457 1113 2500 arma
1138 2437 1210 2499 sine
1235 2435 1411 2518 stipendiis

166 2553 182 2614 5
208 2547 316 2620 ne'que
329 2537 497 2619 stipendia
510 2538 582 2601 sine
599 2525 739 2602 tributis¹
750 2537 864 2601 haberi
878 2548 1012 2620 queunt
1058 2537 1179 2602 Cetera
1192 2537 1225 2600 in
1239 2537 1410 2600 communi

209 2638 272 2702 sita
298 2647 383 2701 sunt
413 2637 506 2722 'Ipsi
534 2637 729 2721 plerumque
755 2637 942 2720 legionibus
972 2638 1094 2701 nostris
1120 2636 1325 2720 praesidetis,
1347 2636 1410 2719 ipsi

208 2739 267 2805 has
286 2738 432 2821 aliasque
450 2739 635 2821 provincias
654 2739 775 2821 regitis.
811 2738 902 2803 Nihil
920 2748 1110 2821 separatum
1129 2737 1328 2802 clausumve
1366 2736 1412 2801 Et

208 2837 418 2902 laudatorum
437 2839 621 2921 principum
636 2859 715 2901 usus
732 2859 776 2902 ex
795 2858 911 2921 aequo,
923 2839 1076 2921 quamvis
1089 2837 1203 2920 procul
1218 2836 1413 2919 agentibus3

209 2938 298 3000 saevi
330 2937 493 3019 proximis
521 2939 686 3019 ingruunt.
739 2936 921 3018 Quomodo
953 2936 1161 3000 sterilitatem
1197 2943 1255 2999 aut
1289 2935 1411 2997 nimios

216 3093 219 3102 ¹
247 3118 283 3155 10.
303 3108 389 3155 aoottl
404 3109 520 3156 auxillo.
548 3106 648 3157 Caesar
659 3106 749 3172 speaks
761 3107 791 3156 ol
836 3113 893 3157 eunt
907 3115 934 3157 ut
948 3106 1010 3157 haec
1027 3122 1078 3157 non
1093 3105 1182 3156 eodem
1200 3105 1322 3157 labefacta
1340 3113 1412 3167 motu

212 3177 305 3236 troops,
313 3171 341 3221 B.
352 3169 384 3221 G.
395 3170 428 3220 iii.
442 3183 516 3230 11,es
525 3170 786 3223 “auxillouceesiti.”
836 3170 995 3223 consident.”
1040 3175 1043 3179 ’

233 3247 287 3287 'ra
311 3240 482 3288 Germanice
513 3241 590 3288 betta
617 3241 786 3306 tractavert·
869 3239 914 3288 ‘14
942 3251 971 3294 4ι.
994 3240 1414 3297 remeansque-‹teneo-

211 3317 286 3352 mus.
331 3302 361 3354 ln
380 3302 423 3353 the
441 3303 586 3369 campaigns
604 3302 691 3369 fought
709 3303 787 3354 under
837 3307 1042 3364 oouoederetta
1086 3304 1182 3369 Regna,
1211 3301 1414 3369 “cleronome’'

214 3368 317 3428 Drusus,
331 3367 454 3428 Titurius,
468 3368 639 3430 Germanicus,
653 3367 735 3420 Caius.
819 3366 823 3373 “
839 3370 888 3420 For
897 3370 1002 3431 corvedo,
1011 3385 1052 3420 ree
1061 3369 1189 3421 Sauene
1201 3381 1241 3430 ao,
1254 3370 1413 3435 “postquaru

248 3447 285 3497 13.
305 3438 439 3484 Rhenum
453 3438 620 3486 insedimus.
658 3435 789 3501 Referring
838 3436 994 3502 respublica
1012 3435 1039 3486 in
1058 3451 1193 3501 paucorum
1215 3435 1354 3501 potentium
1374 3434 1414 3486 ius

213 3508 240 3550 to
252 3499 294 3550 the
305 3498 348 3565 big
365 3514 451 3564 campe
468 3500 511 3550 the
524 3501 635 3551 Romane
646 3500 696 3551 had
708 3501 788 3553 catab
838 3509 913 3566 atque
924 3501 1048 3551 dicionem
1060 3499 1206 3553 concessit.”
1366 3511 1372 3524 '

214 3564 293 3616 liehed
304 3580 338 3613 on
350 3564 393 3613 the
405 3565 496 3615 Rhine.
840 3610 843 3617 .
872 3580 894 3630 3.
914 3571 945 3616 to
965 3569 1273 3616 solum-addidimus.
1322 3563 1415 3615 “hid

244 3633 628 3690 .14quleallusArlovlstue.
660 3631 691 3679 ln
700 3630 789 3680 Cicero
839 3647 872 3680 on
883 3647 932 3695 you
944 3631 977 3694 by
989 3647 1043 3696 way
1054 3630 1083 3680 oi
1091 3629 1210 3679 tribute.”
1234 3629 1415 3680 Romeclaims

213 3693 232 3745 it
240 3694 322 3742 would
334 3693 398 3743 have
409 3695 473 3743 been
483 3695 549 3743 alter
558 3695 710 3745 Ariovistus.
739 3695 789 3744 For
839 3703 866 3745 to
877 3696 940 3744 have
952 3696 1025 3744 made
1041 3695 1146 3760 nothing
1162 3702 1205 3744 out
1216 3694 1247 3743 ol
1259 3694 1355 3744 Geulb
1382 3694 1416 3745 its

214 3758 501 3817 AriovisturmeCm.
516 3759 545 3808 B.
560 3760 592 3809 G.
606 3760 623 3808 i.
638 3770 721 3823 31·53.
839 3767 967 3824 conquest,
996 3776 1023 3810 as
1052 3759 1168 3824 England
1194 3758 1281 3809 claiuu
1302 3766 1329 3810 to
1351 3711 1417 3810 leve

217 3867 221 3874 .
249 3833 285 3884 17.
305 3827 694 3875 uaneoendendttnttautaa.
739 3824 789 3874 For
839 3825 913 3875 made
924 3824 1030 3890 nothing
1040 3834 1083 3874 out
1094 3824 1123 3873 ol
1133 3824 1213 3874 India.

213 3888 372 3948 transeundi,
396 3888 599 3952 transgrediendi
605 3907 617 3949 ,·
643 3905 672 3939 so
691 3906 715 3939 v.
747 3903 787 3952 24,
868 3901 895 4005 X
915 3896 1014 3940 oetera
1035 3893 1065 3939 in
1088 3893 1234 3940 communi
1253 3894 1312 3940 ute
1332 3894 1412 3940 eunt

216 3955 234 3980 ‘⁶
242 3953 309 4018 quod
322 3953 438 4002 Rhenum
451 3955 660 4004 transcenderent.
665 3954 679 3978 ”
842 3957 860 3991 ‘⁴-
893 3956 911 4005 11
923 3957 973 4005 else
984 3956 1005 4005 is
1016 3956 1106 4005 shared
1117 3956 1150 4020 by
1161 3971 1190 4004 us
1200 3955 1251 4005 end
1262 3970 1311 4019 you
1320 3954 1416 4006 alilre.”

214 4056 218 4065 .
250 4017 286 4068 18.
306 4022 414 4070 rettette
425 4023 582 4077 paludibus
590 4026 621 4069 et
629 4023 788 4070 soutudtnt-
840 4021 875 4071 So
893 4022 960 4071 Ann.
989 4021 1038 4071 xiii.
1060 4033 1100 4082 27,
1120 4021 1253 4070 “maiores
1274 4020 1416 4070 libertatern

214 4087 278 4132 bue.
325 4083 365 4132 ‘l'o
387 4084 489 4132 Tacitus
509 4085 636 4148 Germeny
655 4085 755 4134 seemed
774 4101 790 4134 a
839 4086 866 4134 in
892 4083 1017 4135 cor'nmuni
1045 4085 1182 4150 posuisse.”
1226 4085 1269 4135 On
1296 4086 1326 4135 in
1344 4100 1416 4134 ¹corrr-

214 4147 273 4197 lend
290 4146 319 4196 ol
335 4163 429 4196 morass
445 4148 495 4196 nnd
510 4149 634 4207 solitude;
651 4164 693 4198 see
713 4149 745 4198 G.
765 4158 788 4212 5,
840 4152 917 4199 muni
932 4166 960 4200 es
976 4166 992 4200 a
1011 4151 1143 4215 predicate,
1163 4165 1205 4199 see
1225 4150 1301 4200 Fum.
1322 4149 1370 4199 lnt.
1387 4165 1413 4201 v.

217 4213 308 4261 “terra
327 4212 354 4261 iu
376 4213 517 4262 universum
537 4221 579 4263 eut
602 4214 670 4263 silvis
689 4213 789 4263 horrida
839 4215 932 4276 flboa.
1412 4232 1414 4238 ·

215 4284 256 4327 aut
265 4276 397 4341 paludibus
404 4276 504 4327 ioedn.”
522 4279 617 4327 France
626 4278 654 4337 is,
663 4293 695 4328 no
703 4279 788 4336 doubt,
873 4289 896 4341 7.
915 4284 970 4329 hae
980 4284 1112 4338 altaeque
1127 4283 1292 4338 provinciae
1303 4283 1414 4338 reeltta

216 4343 337 4454 petgrally
348 4358 363 4391 e
376 4342 449 4391 much
466 4358 535 4393 more
552 4342 632 4393 fertile
648 4344 698 4393 and
710 4359 790 4408 sunny
840 4343 911 4458 T‘hus
921 4345 1028 4404 Vindex,
1046 4361 1061 4394 a
1078 4345 1153 4404 Gaul,
1167 4361 1218 4394 was
1237 4345 1263 4394 in
1282 4344 1417 4394 command

224 4422 282 4455 an.
840 4424 856 4458 o
877 4410 901 4457 Α
920 4409 1020 4458 uitunia

249 4483 287 4518 21.
306 4473 434 4519 alienum
450 4475 602 4520 aer-vitm
618 4477 649 4521 et
663 4475 789 4521 domina·
873 4425 1318 4532 8.qoxa0quo,quamvuproou1
1329 4486 1416 4531 weu-

216 4538 326 4584 tlonem
344 4538 477 4584 sibl—ut
498 4549 564 4585 nom
603 4536 733 4600 “Slevery
752 4536 790 4585 lor
840 4541 928 4587 tibus.
966 4537 1049 4586 ‘‚‘llou
1067 4538 1131 4586 have
1148 4537 1323 4587 hadasmuch
1338 4553 1419 4588 estve

216 4598 306 4658 others,
321 4614 404 4663 power
423 4598 460 4648 lor
476 4599 602 4649 himsell.¹’
637 4601 706 4650 Here
717 4601 790 4666 again
841 4602 884 4652 the
895 4602 1035 4667 advantage
1046 4601 1075 4651 ol
1088 4602 1154 4666 good
1172 4617 1306 4666 emperors,
1321 4602 1418 4678 though

217 4679 255 4712 we
272 4663 335 4713 heve
354 4664 428 4716 thefi
463 4681 488 4714 re
507 4665 637 4715 chiasmus.
679 4666 714 4716 Ur
730 4682 789 4726 nrm,
841 4674 893 4716 ate
908 4667 1020 4717 distance
1036 4666 1099 4716 from
1118 4666 1160 4715 the
1176 4667 1284 4731 capital:
1302 4667 1345 4716 the
1356 4668 1419 4716 evrls

219 4728 411 4790 “without,”M
447 4731 497 4794 vig,
510 4731 672 4792 moestis.
685 4744 718 4794 35
735 4730 788 4782 Cic.
841 4731 972 4782 olbadem
1006 4744 1058 4781 rors
1066 4747 1115 4797 you
1124 4730 1150 4781 in
1158 4739 1227 4797 great
1237 4740 1291 4796 pert
1301 4730 1419 4798 escape.’'

217 4809 263 4858 pro
278 4795 338 4860 Leg.
360 4796 429 4845 Man.
450 4805 473 4857 7,
489 4798 586 4846 “ruere
607 4796 650 4846 ille
667 4812 718 4847 non
735 4812 790 4862 pos·
842 4797 881 4847 Ci.
896 4796 956 4848 salt.
968 4748 1027 4862 frig.
1042 4813 1063 4847 c.
1081 4810 1135 4858 102,
1150 4808 1172 4858 7.
