3164 5348
204 581 263 642 298
440 580 666 642 CORNELII
687 580 848 641 TACITI
865 579 1202 641 HISTORIARUM

286 773 337 836 19.
366 756 439 820 Nec
458 755 628 820 Antonius
646 755 733 819 ultra
751 755 880 832 institit,
895 754 1162 819 memor-laboris
1176 774 1215 819 ac
1228 753 1414 832 volnerum,

204 856 326 942 quibus
361 865 431 921 tam
466 877 590 939 anceps
625 855 741 939 praelii
777 856 918 933 fortuna,
952 856 1106 938 quamvis
1142 873 1301 938 prospero
1336 855 1412 931 fine,

203 958 333 1041 equites
344 976 521 1041 equosque
539 956 775 1023 adflictaverat
829 955 1048 1020 Inumbrante
1064 975 1202 1038 vespera
1220 956 1411 1021 universum

205 1058 358 1124 Flaviani
382 1059 550 1123 exercitus
572 1056 672 1122 robur
692 1057 836 1123 advenit.
890 1057 1005 1141 thue
1023 1056 1175 1121 cumulos
1193 1067 1344 1140 superet
1362 1077 1412 1122 re·

163 1177 179 1240 5
204 1160 316 1224 centia
341 1160 444 1223 caede
469 1159 610 1243 vestigia
637 1159 808 1236 incessere,
825 1159 921 1241 quasi
938 1158 1142 1223 debellatum
1162 1158 1255 1236 foret,
1274 1178 1414 1242 pergere

206 1261 408 1327 Cremonam
427 1269 462 1325 et
479 1260 586 1324 victos
604 1260 638 1323 in
655 1260 862 1324 deditionem
880 1259 1031 1343 accipere
1052 1268 1111 1324 aut
1131 1278 1327 1343 expugnare
1353 1261 1411 1324 de·

206 1370 356 1445 poscunt.
411 1361 506 1425 Haec
537 1361 571 1424 in
603 1361 723 1436 medio,
755 1360 891 1443 pulchra
921 1360 1021 1424 dictu.
1076 1360 1138 1424 Illa
1168 1360 1230 1424 sibi
1261 1361 1414 1444 quisque,

205 1467 330 1546 “posse
348 1461 515 1525 coloniam
534 1460 636 1544 plano
653 1461 752 1525 sitam
771 1461 897 1543 impetu
916 1461 998 1544 capi.
1053 1459 1149 1525 Idem
1171 1460 1333 1525 audaciae
1353 1481 1414 1544 per

206 1560 361 1626 tenebras
380 1559 657 1645 inrumpentibus,
671 1569 706 1625 et
725 1561 883 1631 maiorem
902 1561 1052 1644 rapiendi
1068 1559 1244 1625 licentiam.
1281 1558 1411 1643 Quodsi

146 1682 182 1722 ro
206 1663 315 1727 lucem
333 1662 643 1746 opperiantur,'iam
662 1680 789 1744 pacem,
807 1661 873 1726 iam
892 1681 1005 1745 preces
1024 1670 1058 1724 et
1076 1681 1136 1744 pro
1154 1660 1268 1725 labore
1286 1681 1324 1726 ac
1341 1662 1412 1726 vol·

206 1763 341 1827 neribus
367 1761 580 1827 clementiam
608 1772 642 1826 et
667 1761 818 1844 gloriam,
835 1762 956 1839 inania,
974 1761 1120 1826 laturos:
1147 1763 1205 1825 sed
1230 1782 1312 1845 opes
1333 1762 1411 1828 Cre·

207 1863 418 1927 monensium
431 1863 464 1926 in
477 1863 551 1927 sinu
563 1860 803 1946 praefectorum
815 1860 1068 1945 legatorumque
1079 1861 1155 1926 lore
1185 1861 1412 1946 Expugnatae

206 1963 297 2027 urbis
315 1963 474 2046 praedam
493 1965 536 2028 ad
556 1962 857 2040 militem-deditae
878 1965 921 2027 ad
945 1965 1047 2026 duces
1069 1963 1259 2045 pertinere.''
1312 1962 1425 2045 Sper·-

207 2072 332 2127 nuntur
357 2064 568 2127 centuriones
594 2062 792 2146 tribunique,
810 2083 849 2126 ac
871 2082 913 2126 ne
933 2083 1003 2126 vox
1025 2063 1222 2146 cuiusquam
1249 2063 1413 2140 audiatur,

146 2183 158 2222 r
164 2179 181 2242 5
205 2163 361 2247 quatiunt
379 2182 480 2242 arma,
499 2163 625 2246 rupturi
645 2163 829 2246 imperium,
846 2164 881 2227 ni
898 2163 1070 2227 ducantur.

286 2280 341 2329 20.
367 2263 457 2328 Tum
476 2262 648 2327 Antonius
677 2263 824 2327 inserens
852 2283 889 2326 se
916 2262 1104 2346 manipulis,
1126 2262 1183 2326 ubi
1212 2272 1349 2347 aspectu
1378 2271 1413 2327 et

206 2365 407 2429 auctoritate
423 2362 593 2429 silentium
616 2363 747 2442 iecerat,
759 2382 826 2428 non
844 2383 880 2427 se
893 2365 995 2428 decus
1009 2383 1117 2447 neque
1131 2364 1274 2446 pretium
1286 2364 1414 2447 eripere

206 2474 276 2530 tam
296 2467 383 2530 bene
401 2466 526 2530 meritis
545 2463 753 2541 adfirmabat,
767 2469 784 2500 ‘⁴
795 2467 853 2530 sed
872 2465 978 2530 divisa
996 2465 1082 2530 inter
1099 2465 1285 2529 exercitum
1296 2465 1413 2529 duces·

206 2587 272 2652 que
303 2567 439 2632 munia:
467 2567 627 2631 militibus
661 2567 852 2650 cupidinem
883 2567 1055 2650 pugnandi
1086 2567 1285 2645 convenire;
1311 2567 1414 2631 duces

165 2683 182 2746 5
207 2668 416 2751 providendo
446 2666 668 2732 consultando
698 2668 910 2732 cunctatione
940 2668 1072 2750 saepius
1095 2688 1197 2750 quam
1226 2668 1416 2732 temeritate

208 2766 374 2850 prodesse.
427 2768 477 2848 Ut
512 2788 573 2850 pro
600 2767 684 2830 virili
720 2768 873 2850 portione
908 2768 1008 2830 armis
1042 2787 1081 2830 ac
1113 2787 1214 2831 manu
1240 2767 1413 2831 victoriam

168 2941 172 2948 Ι
208 2867 335 2940 iuverit,
354 2867 482 2929 ratione
512 2876 546 2929 et
576 2866 725 2943 consilio,
744 2867 884 2948 propriis
912 2866 1014 2928 ducis
1036 2866 1171 2941 artibus,
1195 2865 1413 2949 profuturum.

210 2963 330 3046 Neque
347 2965 436 3027 enim
455 2963 614 3046 ambigua
642 2984 715 3029 esse
742 2983 829 3047 quae
856 2973 1039 3040 occurrant,
1057 2973 1190 3028 noctem
1217 2972 1251 3028 et
1279 2965 1415 3047 ignotae

208 3054 311 3130 situm
329 3065 427 3143 urbis,
446 3065 535 3129 intus
553 3064 666 3128 hostes
684 3075 719 3130 et
739 3073 860 3130 cuncta
886 3064 1013 3130 insidiis
1039 3075 1237 3148 opportuna.
1290 3064 1368 3129 Non
1387 3064 1414 3127 si

209 3287 313 3339 Tacitus
325 3297 369 3340 not
382 3289 556 3356 unlrequently
567 3288 643 3340 omits
655 3289 699 3342 the
707 3295 790 3352 tantm
874 3301 912 3341 12.
932 3293 962 3339 ln
983 3291 1050 3340 mnu
1070 3291 1286 3348 praefectorum
1308 3292 1416 3346 lecato-

210 3356 277 3406 Ann.
293 3355 308 3405 i
322 3368 354 3415 23
373 3355 388 3405 i.
404 3365 445 3417 74,
458 3365 506 3406 etc.
838 3369 970 3414 mamque.
1006 3357 1024 3382 ‘⁸
1032 3355 1101 3406 Goes
1109 3354 1163 3405 into
1172 3355 1215 3406 the
1223 3354 1328 3420 pockets
1336 3353 1416 3405 nithe

92 3414 102 3433 ⁶
243 3425 283 3470 to.
303 3433 325 3484 3.
345 3424 517 3472 universum
533 3424 664 3471 Flaviani
681 3424 789 3472 exerci-
838 3420 1012 3471 commandere
1028 3419 1058 3471 ol
1071 3420 1115 3471 the
1131 3420 1251 3484 nuntiary
1263 3419 1350 3480 iorcer,
1364 3419 1415 3468 end

210 3490 366 3535 tuerobur.
401 3486 457 3535 The
469 3485 517 3535 five
529 3485 716 3551 legions,·three
725 3486 789 3536 from
839 3485 882 3536 the
899 3485 1010 3535 colonels
1027 3485 1057 3534 oi
1074 3485 1117 3534 the
1134 3483 1257 3549 legions.”
1291 3484 1339 3535 See
1358 3485 1413 3533 Liv.

210 3549 314 3610 Moesia,
326 3550 376 3599 and
386 3558 437 3599 two
446 3550 508 3599 from
520 3551 658 3611 Pannonia,
672 3550 700 3599 ol
706 3550 788 3600 which
838 3549 929 3599 xxxvii.
952 3561 993 3611 32,
1015 3551 1126 3614 “captas
1148 3565 1199 3599 non
1221 3548 1320 3598 deditas
1341 3547 1416 3613 diripi

210 3613 229 3663 it
241 3629 293 3663 was
304 3615 398 3677 mainly
409 3615 554 3679 composed.
838 3614 920 3673 urbes,
933 3623 958 3662 et
970 3613 996 3662 in
1007 3612 1046 3662 his
1057 3621 1141 3662 tumen
1159 3613 1288 3662 arbitrium
1300 3628 1354 3662 esse
1370 3613 1416 3661 im·

242 3692 267 3737 4.
286 3692 377 3736 super
387 3695 416 3728 as
426 3679 565 3754 governing
576 3679 638 3729 both
656 3682 790 3728 cumulos
839 3678 960 3744 peratoris
970 3693 1021 3726 non
1034 3676 1168 3727 militum.”

210 3741 261 3791 end
280 3747 406 3798 vestim
425 3743 553 3807 replaced
573 3743 689 3792 between
709 3742 786 3818 them.
859 3772 916 3817 '20.
934 3782 958 3828 4·
977 3771 1085 3816 mum
1115 3767 1165 3815 po,
1177 3765 1369 3817 theuseofthi,
1389 3780 1417 3815 a,

213 3807 262 3856 Ἠοῖ
274 3810 406 3897 ἷξωῗῆα
422 3811 522 3867 “⁰4⁰⁹
535 3806 566 3857 cs·
581 3807 632 3857 νεῖ
651 3844 657 3858 ·
674 3809 739 3856 Aen·
753 3822 791 3894 ¹¹‚·,
839 3831 942 3881 distinct
959 3831 1022 3881 irorn
1037 3822 1153 3892 munero,
1166 3847 1208 3881 see
1219 3848 1240 3881 c.
1259 3842 1297 3893 13,
1311 3803 1415 3881 note'on

210 3881 269 3935 455,
307 3871 442 3936 tepidaque
453 3880 579 3921 recentem
591 3889 620 3922 ca
654 3872 770 3985 elpcum.
840 3897 917 3947 lim

261 3972 267 3985 .
364 3941 508 3985 'ere-de
621 3942 642 3986 h
711 3936 791 3986 scitus
918 3931 925 3946 ‘
1289 3976 1295 3989 .

210 3946 267 4050 uscia
284 3950 462 4050 tfflrfffinhive
477 3950 626 4078 alim
637 4017 706 4052 more
718 4002 792 4051 verbs
871 3977 896 4028 ⁶·
915 3991 969 4035 ΡΝ
979 3981 1054 4028 Vh'ffl
1065 3981 1205 4036 mmm
1234 3977 1345 4038 'stem’
1357 3977 1417 4027 hese

211 4065 272 4114 than
290 4066 308 4115 it
321 4065 342 4115 is
354 4065 431 4114 found
443 4064 543 4115 within
559 4068 648 4116 earlier
658 4067 709 4116 and
721 4082 791 4117 more
839 4043 890 4092 ‘nd
908 4044 957 4106 Ag·
976 4058 1000 4104 4,
1019 4043 1065 4091 ¹¹²⁵
1081 4043 1234 4120 θῑὼθῑῑῑῑῑῑέἀ,
1249 4041 1299 4120 {his
1316 4042 1354 4092 s01
1374 4042 1416 4091 the

212 4130 324 4181 classica}
336 4130 439 4180 writer,
839 4123 909 4157 ruore
923 4109 994 4165 usual
1012 4107 1101 4173 phrase
1113 4115 1162 4183 pro
1178 4107 1253 4157 virili
1265 4115 1347 4171 parte,
1364 4109 1418 4157 “to

245 4206 269 4257 7,
288 4199 363 4245 Μ
380 4199 410 4244 1„
426 4199 530 4246 mmo·
567 4195 656 4246 “This
667 4196 727 4261 they
738 4195 792 4246 „id
840 4172 883 4223 the
905 4173 960 4222 best
977 4172 1006 4221 ol
1025 4173 1065 4222 his
1082 4171 1197 4237 ability.”
1230 4171 1271 4223 Cf.
1290 4172 1352 4222 with
1368 4172 1419 4222 this

211 4260 313 4374 ‘dapem’
327 4260 412 4374 btestbree
424 4260 562 4374 nll,'’lepdin
581 4261 648 4311 Diei.
665 4261 703 4311 18.
717 4262 791 4311 Dr're·
841 4236 931 4376 02¹⁰&
942 4236 1126 4377 ⁵P⁶⁶⁰hffl·
1156 4328 1223 4378 “Th
1340 4327 1372 4376 be

242 4341 366 4376 naso
420 4341 544 4375 rur.
891 4340 1013 4376 .nue
1113 4364 1119 4377 .
1224 4342 1329 4377 erecan
1384 4342 1418 4376 no

245 4390 269 4440 8.
289 4395 378 4448 pleno
395 4341 492 4439 sltaffi.
530 4390 670 4440 “Situated
692 4405 726 4440 on
750 4389 793 4440 the
841 4391 920 4441 doubt
938 4341 1016 4440 :gout
1035 4392 1102 4441 what
1123 4392 1182 4456 they
1203 4392 1286 4441 would
1307 4392 1372 4441 bave
1392 4399 1419 4441 to

212 4453 304 4505 level.”
339 4455 443 4504 Tacitus
466 4454 487 4503 is
505 4454 566 4504 lond
589 4455 619 4504 ol
638 4455 708 4504 these
728 4454 792 4504 local
842 4455 1005 4514 encounter,”
1025 4456 1062 4504 sor
1084 4457 1245 4505 encounterin
1281 4455 1364 4506 which
1384 4456 1418 4505 cll

213 4519 342 4579 ablatives,
367 4535 412 4582 cg.
438 4519 528 4579 below,
552 4535 573 4568 c.
599 4517 641 4579 48,
665 4534 704 4569 we
728 4519 793 4568 have
842 4520 885 4570 the
896 4520 954 4569 skill
963 4521 992 4568 ol
1000 4519 1043 4568 the
1051 4522 1152 4584 general
1162 4522 1244 4570 would
1293 4537 1305 4569 r
1338 4520 1416 4570 uired.

216 4584 328 4633 “turrim
340 4584 423 4633 vicino
434 4582 542 4643 sitam;”
559 4584 626 4633 Ann.
642 4584 666 4633 ii.
679 4596 719 4648 52,
735 4584 792 4633 “le·
842 4589 998 4642 ambiguus
1015 4585 1074 4633 here
1089 4584 1134 4634 has
1152 4593 1196 4634 not
1215 4586 1248 4635 its
1265 4601 1325 4635 nsua
1348 4600 1420 4634 sense

214 4648 378 4714 giomedio,’¹
393 4648 618 4699 “intheuridst.”
652 4653 730 4698 idem
742 4663 792 4699 eu·
842 4649 872 4698 ol
882 4649 1130 4715 “dangerous,’'but
1147 4666 1233 4701 means
1251 4648 1419 4710 ‘'doubtlu1,’¹

215 4718 323 4765 declae.
349 4716 367 4741 “
375 4715 400 4765 lt
412 4715 521 4780 requires
529 4730 567 4778 ¹no
579 4730 648 4765 more
660 4713 794 4780 couruge.'’
845 4716 863 4743 ⁸⁸
872 4714 1003 4765 obscure.”
