3164 5348
533 316 677 376 LIBER
697 317 722 376 I
725 317 754 376 V.
782 316 874 376 CAP.
899 319 1018 392 77-80
1312 317 1371 376 445

170 499 273 573 tegra,
290 509 376 573 quae
402 509 422 554 e
449 488 592 556 Chaucis
611 489 790 574 Frisiisque
817 491 1004 574 composita
1022 489 1173 555 Tolbiaci
1196 490 1229 554 in
1252 489 1372 556 finibus

171 592 467 676 Agrippinensium
499 591 628 675 agebat.
681 590 749 656 Sed
777 592 879 656 tristis
910 593 1046 657 nuntius
1076 592 1203 671 avertit,
1226 591 1371 658 deletam

129 754 136 771 ,
169 693 341 758 cohortem
360 693 439 758 dolo
456 692 764 778 Agrippinensium,
777 694 835 776 qui
850 694 950 776 largis
963 694 1070 777 epulis
1083 694 1226 777 vinoque
1244 695 1373 777 sopitos
1399 716 1435 756 10

172 787 365 872 Germanos,
400 793 520 858 clausis
564 794 696 869 loribus,
732 793 809 877 igne
851 796 973 859 iniecto
1016 815 1212 860 cremavere.
1265 794 1372 861 Simul

173 892 310 960 Cerialis
328 914 469 978 propero
492 894 626 977 agmine
652 894 816 959 subvenit.
872 895 1143 960 Circumsteterat
1172 894 1311 960 Civilem
1339 907 1374 961 et

171 994 255 1059 alius
274 1003 391 1073 metus,
409 1015 452 1058 ne
468 1004 588 1078 quarta
604 994 736 1059 decima
762 995 850 1078 legio
876 995 1033 1060 adiuncta
1058 994 1250 1060 Britannica
1267 996 1373 1061 classe

171 1095 357 1160 adflictaret
393 1095 547 1172 Batavos,
576 1116 644 1178 qua
678 1094 816 1161 Oceano
851 1096 1049 1160 ambiuntur.
1102 1095 1170 1161 Sed
1206 1095 1372 1178 legionem

172 1197 317 1262 terrestri
335 1196 452 1261 itinere
471 1195 595 1261 Fabius
618 1196 747 1260 Priscus
774 1195 904 1280 legatus
931 1197 963 1260 in
992 1197 1133 1261 Nervios
1150 1193 1373 1281 Tungrosque
1400 1216 1435 1278 15

172 1297 280 1375 duxit,
297 1317 423 1381 eaeque
440 1298 592 1362 civitates
610 1298 642 1361 in
662 1298 867 1362 deditionem
895 1307 1060 1381 acceptae.
1113 1298 1262 1363 Classem
1284 1298 1373 1363 ultro

173 1399 411 1464 Canninefates
429 1398 577 1481 adgressi
595 1407 681 1475 sunt,
700 1398 871 1481 maiorque
893 1418 970 1482 pars
989 1398 1123 1463 navium
1141 1399 1297 1480 depressa
1315 1408 1373 1464 aut

172 1507 279 1581 capta.
333 1500 378 1563 Et
397 1498 595 1563 Nerviorum
623 1497 880 1575 multitudinem,
897 1508 1018 1582 sponte
1036 1509 1239 1562 commotam
1258 1506 1295 1562 ut
1313 1520 1375 1582 pro

174 1598 336 1662 Romanis
354 1597 478 1663 bellum
498 1606 693 1681 capesseret,
707 1598 808 1662 iidem
828 1598 1063 1663 Canninefates
1079 1597 1200 1663 ludere.
1253 1597 1374 1662 Classi-

173 1718 231 1761 cus
261 1717 394 1781 quoque
425 1698 582 1761 adversus
611 1697 741 1780 equites
771 1697 954 1762 Novesium
982 1717 1002 1761 a
1029 1695 1157 1763 Ceriale
1175 1699 1374 1780 praemissos
1399 1708 1481 1775 2051

173 1798 355 1862 secundum
387 1797 547 1880 praelium
576 1797 662 1878 iecit.
715 1796 812 1881 Quae
847 1798 979 1862 modica
1013 1798 1070 1862 sed
1106 1797 1221 1861 crebra
1250 1755 1494 1981 damss

173 1897 297 1962 sarnam
315 1897 473 1962 victoriae
490 1917 596 1981 nuper
613 1907 729 1982 partae
746 1886 944 1962 la'cerabant

253 2002 307 2066 80.
336 1999 448 2065 Isdem
474 1999 592 2067 diebus
620 2000 796 2065 Mucianus
822 1997 949 2065 Vitellii
977 1997 1081 2065 lilium
1109 1997 1248 2065 interfici
1274 1999 1374 2079 iubet,

175 2122 365 2168 mansuram
383 2101 583 2169 discordiam
614 2101 809 2179 obtendens,
827 2101 861 2166 ni
890 2102 1019 2166 semina
1049 2099 1126 2166 belli
1158 2102 1374 2168 restinxisset

176 2204 294 2287 Neque
312 2203 499 2268 Antonium
532 2203 680 2268 Primum
710 2202 830 2268 adsciri
861 2203 946 2267 inter
971 2203 1111 2267 comites
1136 2223 1157 2268 a
1179 2203 1375 2269 Domitiano

176 2324 293 2388 passus
318 2313 378 2382 est,
396 2304 509 2369 lavore
535 2304 678 2369 militum
709 2303 830 2369 anxius
855 2287 895 2368 ‘et
924 2302 1079 2395 superbia
1094 2304 1164 2381 viri,
1185 2304 1374 2389 aequalium

176 2424 318 2488 quoque,
353 2404 439 2469 adeo
469 2404 676 2487 superiorum
705 2403 921 2469 intolerantis.
975 2402 1144 2468 Proiectus
1175 2405 1217 2468 ad
1246 2405 1376 2487 Vespa·
1421 2418 1437 2479 5

176 2505 307 2569 sianum
322 2503 491 2569 Antonius
509 2511 546 2568 ut
565 2524 631 2568 non
650 2524 710 2588 pro
728 2523 788 2588 spe
805 2523 866 2568 sua
883 2503 1057 2587 excipitur,
1070 2504 1117 2567 ita
1135 2523 1243 2587 neque
1260 2523 1377 2568 averso

177 2604 385 2688 imperatoris
402 2604 523 2669 animo.
558 2603 769 2669 Trahebatur
786 2603 819 2668 in
837 2605 977 2680 diversa,
991 2602 1068 2667 hinc
1087 2604 1212 2669 meritis
1225 2602 1378 2681 Antonii,

176 2708 270 2771 cuius
295 2707 397 2772 ductu
426 2705 614 2770 coniectum
640 2705 729 2771 haud
756 2704 857 2771 dubie
882 2702 1007 2770 bellum
1034 2713 1113 2783 erat,
1131 2705 1210 2769 inde
1231 2705 1379 2770 Muciani

176 2806 348 2891 epistulis:
373 2806 472 2872 simul
499 2807 599 2872 ceteri
626 2814 663 2870 ut
687 2806 844 2871 infestum
866 2806 1100 2889 tumidumque
1124 2806 1382 2884 insectabantur,

210 3021 234 3071 8.
253 3024 495 3081 quaeeohauola
507 3024 664 3079 milwae
679 3035 756 3071 oom-
842 3031 879 3082 17.
898 3021 955 3070 The
966 3024 1172 3072 Oenntnetatae
1183 3022 1249 3071 lived
1261 3021 1381 3087 inapart

177 3089 274 3144 poeta
295 3089 428 3136 Tolbiaci.
464 3085 521 3135 The
541 3085 613 3135 Frisii
633 3086 709 3135 dwelt
728 3085 755 3134 in
805 3084 835 3134 of
841 3085 884 3138 the
891 3084 977 3134 Insula
987 3087 1300 3146 Batavorumgseeabove,
1308 3103 1330 3137 c.
1344 3096 1381 3150 15.

179 3150 305 3200 Northern
325 3150 447 3208 Holland,
467 3150 511 3200 tbe
533 3149 628 3200 Chauci
653 3156 706 3199 east
730 3149 760 3199 ol
839 3161 878 3198 aa.
898 3153 1075 3199 laborabam.
1131 3150 1292 3216 “lmpaired,
1311 3151 1382 3201 dam·

179 3213 247 3264 them
269 3230 297 3265 as
319 3214 355 3264 lar
376 3230 405 3265 as
426 3214 469 3264 the
499 3214 571 3264 Elbe.
606 3213 754 3264 Tolbiacum
805 3212 897 3278 aged.”
930 3212 986 3263 The
1004 3214 1097 3264 editors
1113 3223 1189 3279 quote
1207 3215 1261 3265 Liv.
1278 3216 1379 3267 xxxviii.

181 3279 247 3340 (now
265 3279 310 3328 Zill
328 3278 380 3340 ich)
398 3294 450 3329 was
466 3295 482 3328 a
500 3286 568 3328 town
585 3277 674 3328 nithe
693 3277 755 3330 Ubii
807 3288 847 3342 54,
878 3279 1029 3343 “Populum
1060 3279 1202 3329 Romanum
1235 3295 1268 3330 ne
1300 3288 1382 3331 morte

180 3343 248 3409 lying
258 3294 572 3408 souti-vetorcologne.
824 3342 906 3393 uidem
915 3343 942 3394 P.
953 3342 1078 3409 Scipionis
1088 3343 1292 3395 exsatiarinisiet
1303 3344 1383 3410 ipsius

211 3420 235 3471 9.
255 3411 370 3458 aveant.
408 3407 555 3458 ‘'Diverted
566 3406 646 3457 him.”
806 3359 872 3457 ama
883 3407 972 3473 sepulti
984 3407 1131 3458 laceretur.”

215 3486 252 3522 12.
266 3475 756 3523 circumsteteratotvtlemetaltue
836 3478 883 3523 80.
922 3485 942 3523 1.
962 3476 1176 3523 vltemlffllum.
1207 3472 1382 3525 Hehadbeen

178 3543 284 3589 metrae.
319 3537 376 3587 The
387 3537 476 3603 pbmse
486 3538 645 3587 circumstare
656 3553 714 3601 may
724 3537 757 3587 be
805 3536 886 3587 called
898 3537 1061 3588 Germanicus
1071 3537 1105 3603 by
1115 3538 1155 3588 his
1166 3538 1253 3599 father,
1265 3540 1322 3589 who
1330 3540 1380 3589 bad

180 3602 256 3653 taken
274 3602 338 3680 irom
352 3603 428 3667 Verg.
449 3602 513 3679 Aen.
532 3601 558 3652 ii.
574 3611 629 3679 559,
645 3604 697 3652 “at
714 3617 757 3688 ¹³2⁶.
804 3602 957 3680 eunounded
966 3602 1018 3680 blm
1027 3602 1181 3653 withalltbe
1192 3604 1383 3669 paraphernalia

180 3674 233 3781 bb?
240 3683 282 3781 ilfi
276 3683 308 3780 im
308 3681 449 3780 Qum,
459 3665 694 3794 {tyrcqffitrq'bgrr
682 3682 753 3793 122}
805 3666 834 3716 Of
839 3683 882 3793 {m
881 3683 962 3780 ffidd
970 3676 1106 3807 ¹f⁶“⁵lv·luclr
1117 3730 1213 3781 more.”
1246 3732 1327 3783 Solii.
1338 3733 1381 3794 ⁶4,
1416 3743 1419 3749 ’

182 3796 213 3844 In
223 3795 266 3844 the
277 3809 346 3846 same
356 3809 411 3858 vray
422 3809 461 3844 ve
472 3792 524 3843 tallr
540 3792 570 3844 ol
585 3809 601 3843 a
617 3794 668 3843 sear
687 3794 755 3843 “be·
808 3795 866 3843 “ne
875 3810 998 3870 prosperis
1008 3794 1110 3859 quidem
1127 3810 1211 3859 parem
1228 3795 1293 3845 adeo
1309 3811 1381 3846 ruen-

180 3857 294 3924 setting’'
305 3874 342 3909 us.
805 3857 871 3908 tibus
881 3857 1065 3908 debilitatum.”

217 3932 253 4000 15..
272 3925 404 3973 terrestri
412 3924 523 3999 laneae
554 3921 757 3971 ARomanroad
841 3931 863 3985 ς.
882 3927 1149 4000 adyeepeetanum
1186 3923 1383 3974 liewasstillat

181 3987 379 4129 gagoqgquqg
401 3988 640 4128 mmlx
649 3986 757 4128 thlioolutgub
807 3986 987 4102 mgqqqqn
1004 4065 1058 4111 pro
1074 4063 1127 4111 epe
1143 4055 1275 4102 aua-lta
1284 4066 1382 4111 neque

183 4117 316 4230 bagucmn
328 4119 396 4176 (now
405 4117 492 4177 Bavar)
503 4131 596 4192 among
604 4115 647 4165 the
659 4115 755 4175 Nervu,
808 4129 912 4166 avemo
924 4120 1108 4175 imperatorie
1123 4120 1228 4166 animo.
1263 4117 1384 4166 Thenorr

181 4198 197 4231 a
248 4183 373 4231 Atuatuca
389 4179 420 4230 ol
437 4179 480 4231 the
495 4181 591 4245 Tungn
608 4180 676 4238 (now
688 4180 756 4229 Ton⁴
807 4180 858 4230 and
875 4196 952 4246 nequa
971 4181 1076 4231 balam
1094 4180 1156 4231 each
1173 4180 1251 4232 other.
1300 4181 1385 4231 Heis

211 4248 246 4306 es)
259 4255 286 4296 to
297 4247 417 4311 Cologne.
454 4245 582 4295 ltmno
592 4244 671 4295 doubt
681 4245 758 4310 along
808 4251 852 4294 not
863 4245 976 4296 received
993 4261 1021 4296 as
1037 4245 1069 4296 he
1085 4244 1169 4311 boped
1186 4253 1213 4297 to
1225 4246 1266 4307 be,
1279 4246 1330 4296 and
1341 4253 1383 4311 yet

181 4263 232 4361 ffiis
242 4311 297 4361 that
308 4310 351 4361 the
365 4309 442 4372 141111
475 4309 517 4360 ‘on
527 4309 732 4360 nowadvanced.
808 4316 852 4360 not
863 4311 932 4374 quite
943 4310 1026 4374 eoldly
1038 4309 1123 4360 either.
1495 4312 1497 4316 ’

218 4375 255 4426 16.
280 4380 366 4425 ultro
405 4377 423 4402 ‘⁸
466 4374 546 4426 utbont
568 4373 644 4439 being
665 4372 758 4424 iocited
842 4384 864 4436 7.
884 4379 1064 4425 trahebatur.
1099 4375 1155 4425 Tbe
1172 4374 1325 4425 nominative
1339 4374 1388 4426 hae

184 4440 280 4491 thaneto
291 4442 325 4505 by
336 4437 449 4491 (ΣίνιἹίιη
809 4445 836 4489 to
846 4439 879 4489 be
889 4438 1004 4506 supplied
1015 4438 1079 4490 lrom
1091 4441 1255 4505 rirrprratm'a
