3164 5348
530 288 721 347 LIBERI.
748 289 840 349 CAP.
866 307 982 364 70-72
1300 289 1357 350 17³

155 457 414 523 reconciliationi
439 457 621 537 adhiberet,
640 461 754 525 statim
779 461 865 525 inter
889 461 1025 526 intimos
1047 461 1172 527 amicos
1189 461 1306 526 habuit
1324 471 1358 527 et
1384 485 1421 525 ιο

154 580 235 624 mox
254 560 343 625 bello
361 560 447 624 inter
463 561 565 626 duces
583 561 715 646 delegit.
769 563 962 646 Mansitque
981 562 1080 629 Celso
1097 563 1188 628 velut
1215 563 1359 629 fataliter

153 662 254 725 etiam
273 682 334 746 pro
353 660 490 727 Othone
517 663 599 728 fides
626 664 755 747 integra
783 672 818 728 et
846 664 970 728 infelix.
1025 665 1131 729 Laeta
1159 665 1358 748 primoribus

154 763 307 840 civitatis,
332 763 498 827 celebrata
523 764 556 828 in
576 764 693 847 volgus
721 763 810 830 Celsi
837 765 925 831 salus
956 786 999 829 ne
1031 765 1191 831 militibus
1222 767 1357 850 quidem

154 863 285 945 ingrata
303 863 373 938 fuit,
392 865 533 928 eandem
551 866 708 928 virtutem
728 866 979 943 admirantibus,
997 867 1050 930 cui
1070 867 1303 930 irascebantur.

231 976 287 1040 72.
316 963 380 1025 Par
407 963 485 1026 inde
513 963 679 1027 exultatio
706 963 894 1046 disparibus
920 966 1027 1028 causis
1052 975 1231 1029 consecuta
1255 967 1359 1048 impe·

154 1069 242 1125 trato
255 1061 411 1145 Tigellini
426 1063 540 1126 exitio.
589 1062 780 1147 Sophonius
794 1062 980 1146 Tigellinus
993 1065 1142 1128 obscuris
1156 1064 1358 1147 parentibus,

154 1162 252 1225 foeda
296 1163 445 1244 pueritia,
481 1163 649 1247 impudica
689 1172 832 1238 senecta,
868 1165 1108 1246 praefecturam
1144 1165 1280 1248 vigilum
1325 1175 1359 1228 et

154 1262 309 1346 praetorii
344 1271 379 1327 et
409 1262 475 1327 alia
505 1265 653 1347 praemia
679 1265 849 1342 virtutum,
879 1265 957 1347 quia
987 1264 1132 1329 velocius
1163 1274 1242 1343 erat,
1270 1267 1359 1330 vitiis

154 1365 305 1448 adeptus,
336 1365 566 1430 crudelitatem
599 1386 691 1440 mox,
721 1366 843 1430 deinde
874 1365 1057 1445 avaritiam,
1087 1366 1192 1430 virilia
1227 1365 1359 1444 scelera,
1404 1385 1420 1446 5

153 1467 312 1545 exercuit,
339 1476 495 1550 corrupto
521 1468 564 1531 ad
595 1488 696 1531 omne
727 1467 853 1532 facinus
881 1467 1024 1546 Nerone,
1049 1469 1216 1552 quaedam
1243 1468 1360 1552 ignaro

155 1589 254 1631 ausus
276 1588 314 1631 ac
342 1578 511 1652 postremo
537 1568 686 1633 eiusdem
714 1569 864 1634 desertor
889 1589 928 1633 ac
952 1570 1109 1653 proditor.
1164 1570 1265 1635 Unde
1292 1590 1358 1634 non

155 1668 256 1731 alium
293 1669 496 1752 pertinacius
530 1671 573 1733 ad
609 1690 756 1753 poenam
789 1669 1032 1753 flagitaverunt,
1062 1671 1194 1736 diverso
1229 1669 1360 1746 affectu,

155 1768 276 1850 quibus
306 1768 421 1834 odium
454 1769 598 1833 Neronis
630 1770 736 1833 inerat
766 1778 799 1834 et
834 1770 955 1851 quibus
989 1769 1199 1834 desiderium.
1256 1770 1359 1853 Apud

156 1867 299 1931 Galbam
318 1868 387 1931 Titi
407 1867 499 1932 Vinii
518 1869 670 1952 potentia
687 1869 842 1933 defensus
869 1868 1096 1951 praetexentis
1123 1878 1288 1933 servatam
1317 1868 1361 1933 ab
1387 1889 1424 1929 ιο

156 1989 196 2032 eo
215 1967 325 2032 filiam.
381 1969 483 2033 Haud
512 1970 613 2034 dubie
640 1978 829 2034 servaverat
857 1989 924 2034 non
954 1970 1140 2048 clementia,
1158 1970 1283 2054 quippe
1309 1978 1361 2035 tot

156 2069 346 2144 interfectis,
374 2071 432 2133 sed
464 2068 624 2152 effugium
657 2070 690 2133 in
722 2070 878 2146 futurum,
909 2071 987 2153 quia
1022 2072 1185 2153 pessimus
1220 2071 1360 2153 quisque

154 2169 341 2234 diffidentia
360 2170 583 2253 praesentium
611 2170 831 2234 mutationem
858 2190 983 2253 pavens
1009 2171 1166 2234 adversus
1190 2169 1359 2253 publicum

155 2271 270 2335 odium
302 2271 466 2355 privatam
498 2271 640 2354 gratiam
670 2267 847 2355 praeparat
861 2292 869 2350 ;
908 2272 997 2335 unde
1028 2270 1119 2334 nulla
1150 2271 1360 2335 innocentiae

155 2392 242 2447 cura,
260 2373 319 2435 sed
348 2372 436 2435 vices
464 2371 679 2454 impunitatis.
735 2372 787 2435 Eo
813 2371 972 2435 infensior
998 2371 1149 2453 populus,
1175 2372 1290 2436 addita
1316 2371 1359 2435 ad
1388 2388 1422 2448 ¹5

155 2479 251 2534 vetus
269 2470 425 2553 Tigellini
453 2471 568 2535 odium
596 2471 718 2535 recenti
745 2463 814 2535 Titi
833 2470 925 2534 Vinii
944 2471 1077 2546 invidia,
1095 2490 1288 2535 concurrere
1314 2491 1359 2534 ex

156 2580 227 2636 tota
246 2570 327 2635 urbe
346 2571 378 2635 in
400 2570 563 2636 Palatium
582 2591 621 2635 ac
648 2571 727 2649 fora,
745 2582 778 2635 et
805 2570 862 2635 ubi
889 2571 1031 2655 plurima
1047 2570 1138 2654 vulgi
1165 2569 1308 2648 licentia,
1326 2571 1359 2635 in

156 2673 279 2738 circum
315 2693 354 2736 ac
390 2673 520 2738 theatra
554 2672 650 2737 effusi
685 2673 851 2737 seditiosis
886 2670 1023 2736 vocibus
1063 2681 1218 2755 strepere,
1252 2674 1372 2744 donec.

156 2773 341 2856 Tigellinus
359 2783 499 2857 accepto
516 2775 605 2856 apud
625 2773 846 2840 Sinuessanas
863 2794 968 2856 aquas
984 2793 1160 2856 supremae
1183 2773 1360 2837 necessita·

156 2874 198 2936 tis
229 2874 348 2938 nuntio
379 2875 465 2937 inter
494 2884 609 2955 stupra
640 2874 900 2938 concubinarum
930 2883 964 2936 et
994 2873 1109 2937 oscula
1134 2872 1360 2937 et'deformes
1385 2893 1424 2933 ao

157 2993 267 3037 moras
285 2975 384 3037 sectis
411 2973 572 3037 novacula
599 2973 748 3037 faucibus
775 2972 933 3036 infamem
951 2974 1055 3037 vitam
1083 2973 1232 3054 foedavit
1258 2974 1359 3037 etiam

155 3073 249 3137 exitu
267 3094 342 3137 sero
359 3081 393 3137 et
411 3073 596 3138 inhonesto.

156 3189 272 3252 enemysst
305 3189 368 3240 This
379 3190 491 3240 involves
503 3190 546 3240 the
557 3190 619 3240 least
632 3188 731 3255 depart·
818 3201 923 3239 innon
934 3191 1096 3248 dementia
1104 3168 1360 3249 quippetortnrar·

156 3270 199 3304 ure
222 3255 285 3305 from
307 3255 352 3305 the
375 3255 462 3313 MSS..
485 3255 534 3304 and
557 3254 626 3320 gives
648 3271 664 3304 a
687 3254 732 3304 fair
783 3256 1093 3313 manasedafluclum
1128 3254 1183 3304 The
1192 3253 1322 3304 alteration
1334 3253 1360 3304 io

157 3319 253 3384 though
264 3319 402 3370 somewhat
414 3318 541 3369 awkward
552 3334 631 3370 sense.
783 3334 840 3369 case
852 3319 873 3370 is
884 3319 953 3384 quite
966 3317 992 3368 in
1003 3317 1127 3369 Tacitus's
1138 3334 1257 3379 manners
1273 3320 1362 3396 quippe

193 3398 201 3434 r
206 3398 228 3448 3.
240 3390 388 3436 celebrata
399 3388 429 3435 ln
437 3389 549 3444 voltus
571 3386 589 3411 “
596 3383 733 3450 Approved
784 3384 846 3434 does
861 3392 905 3435 not
917 3399 991 3434 occur
1007 3384 1033 3435 iu
1045 3383 1133 3434 earlier
1144 3384 1238 3435 writers
1249 3384 1311 3435 wttb
1327 3400 1360 3435 an

156 3450 244 3514 hythe
260 3451 361 3515 general
372 3448 467 3501 voice’'
501 3451 557 3501 The
568 3451 597 3499 in
613 3465 695 3500 seems
708 3457 735 3500 to
785 3449 894 3501 ablative
905 3449 1025 3500 absolute.

156 3515 220 3566 have
232 3516 275 3566 the
284 3532 354 3567 sense
363 3516 393 3566 of
403 3515 532 3580 “loolring
541 3516 649 3566 towards
658 3515 734 3574 them,
821 3526 858 3580 15.
887 3519 939 3565 sed
961 3518 1041 3566 vidae
1059 3517 1248 3574 impunitatis.
1284 3515 1360 3565 “But

156 3582 182 3632 in
200 3581 231 3632 its
245 3582 348 3647 bearing
364 3580 517 3641 outhem;”
536 3582 642 3632 soAnn.
655 3579 671 3630 i.
693 3578 733 3640 28,
786 3580 844 3645 they
866 3596 952 3631 secure
979 3596 1028 3631 one
1050 3581 1155 3630 another
1183 3580 1305 3647 impunity
1327 3580 1361 3646 by

160 3646 250 3759 “grati
276 3647 301 3695 in
324 3645 444 3711 voigus;”
473 3646 540 3696 Ano.
566 3645 591 3695 ii.
615 3655 655 3710 59,
684 3646 735 3696 “in
786 3644 882 3695 tums.’'
916 3645 973 3696 One
992 3644 1105 3696 crimiual
1123 3646 1228 3696 shelters
1246 3645 1360 3706 another,

159 3727 246 3776 rogus
256 3710 354 3776 grata.”
785 3709 881 3776 hoping
891 3708 917 3760 in
932 3709 971 3761 his
983 3717 1039 3760 turn
1051 3718 1078 3761 to
1089 3711 1185 3761 receive
1195 3710 1286 3761 shelter
1296 3710 1361 3761 from

190 3777 235 3825 72
270 3789 290 3824 r.
320 3778 487 3833 disparibus
513 3777 619 3824 causta
665 3773 688 3823 It
714 3772 735 3823 is
786 3774 840 3824 that
852 3774 930 3824 other.

158 3837 282 3888 Tacitus's
303 3846 399 3889 custom
422 3847 449 3888 to
471 3837 533 3888 omit
559 3837 602 3887 the
624 3837 653 3885 de
675 3836 737 3886 with
823 3847 859 3898 17.
876 3841 907 3887 ln
921 3840 1067 3887 Palatium
1085 3851 1121 3886 ao
1137 3841 1206 3887 rora.
1240 3837 1363 3903 Tbesora

159 3904 247 3951 camis.
787 3900 895 3950 referred
912 3908 939 3951 to
955 3917 998 3951 are
1014 3901 1136 3966 probably
1147 3900 1190 3950 the
1207 3900 1276 3951 three
1292 3917 1361 3951 meu·

165 4009 167 4015 .
193 3979 215 4015 2.
227 3968 562 4025 Sophoniusmelllnue
591 3965 639 4015 See
648 3963 736 4023 above,
788 3964 873 4014 tioned
889 3964 916 4014 in
934 3965 1043 4024 Martial,
1058 3965 1091 4014 iii
1107 3965 1147 4027 38,
1160 3965 1252 4025 4-the
1270 3967 1362 4015 Forum

160 4047 182 4080 c.
192 4043 232 4092 24,
238 4044 297 4082 note
305 4048 338 4082 on
346 4031 397 4081 line
405 4043 427 4080 a.
445 4029 528 4080 When
535 4029 567 4079 he
575 4028 685 4078 attained
694 4028 737 4078 the
789 4029 941 4089 Romanum,
955 4030 983 4078 F.
1001 4029 1057 4078 iulii
1069 4029 1190 4089 Caesaris,
1204 4029 1233 4079 F.
1245 4030 1285 4078 Au
1320 4029 1360 4079 sti.

156 4096 313 4209 praeficiam
324 4097 479 4159 vigilansne
490 4095 524 4144 do
535 4101 579 4144 not
593 4093 679 4153 lrnovr,
692 4093 738 4143 but
766 4120 771 4131 ·
825 4107 861 4156 19.
881 4097 1075 4144 Sinuessanas
1085 4107 1185 4152 muas
1221 4093 1278 4144 The
1323 4094 1365 4144 ths

178 4161 304 4212 ebecame
307 4160 447 4226 praefectur
451 4160 576 4225 praetorii
582 4174 616 4209 on
626 4158 739 4208 Burrus's
790 4174 855 4209 were
865 4157 973 4209 situated
989 4175 1022 4209 on
1042 4159 1085 4209 the
1102 4158 1165 4224 edge
1181 4158 1210 4209 of
1224 4158 1365 4226 Campania

161 4226 246 4286 death,
259 4227 291 4276 62
309 4240 379 4286 n.o.,
398 4227 465 4275 Ano.
484 4225 532 4274 xiv.
548 4236 587 4290 51,
605 4223 738 4273 “cohorti-
789 4223 839 4274 and
852 4224 961 4286 Latium,
974 4224 1024 4273 and
1042 4239 1107 4274 were
1124 4224 1198 4274 much
1215 4224 1326 4274 rasorted
1337 4232 1367 4274 to

162 4292 208 4341 bus
221 4289 564 4357 imposuerat...Sophonium
577 4288 737 4353 Tigellinum,
789 4289 823 4352 by
835 4290 934 4339 Roman
951 4304 1009 4339 men
1026 4289 1074 4338 arrd
1092 4304 1198 4339 women.
1233 4288 1366 4339 Narcissus

162 4365 272 4472 veterem
284 4356 457 4441 inpudicitiam
474 4363 550 4421 atque
567 4353 694 4404 infamiam
712 4353 738 4404 in
790 4353 840 4470 {ald
851 4354 942 4469 be'fioed
951 4354 1021 4404 there
1032 4361 1059 4469 td,
1070 4353 1129 4482 mehe
1138 4353 1183 4469 2¹⁸
1191 4355 1366 4469 mtemdhen

161 4437 309 4474 eosecuua
823 4434 854 4469 au
873 4434 1039 4471 rusnasmur
1057 4435 1084 4470 er
1164 4435 1261 4470 nuxia
1309 4455 1316 4470 .
