3164 5348
189 623 247 682 140
426 624 652 685 CORNELlI
672 624 832 687 TACITI
847 622 1182 684 HISTORIARUM

189 800 336 862 accessit.
390 799 595 863 Praemissus
620 809 734 863 tamen
762 800 796 862 in
812 808 932 863 castra
951 798 1027 862 Piso
1053 808 1091 863 ut
1117 798 1245 862 iuvenis
1274 816 1398 880 magno

190 898 335 975 nomine,
353 898 476 962 recenti
494 898 607 962 favore
623 908 658 962 et
676 898 824 962 infensus
841 897 921 961 Tito
939 896 1051 974 Vinio,
1069 916 1127 960 seu
1146 898 1225 979 quia
1242 907 1321 971 erat,
1339 916 1397 959 seu

191 998 271 1079 quia
297 997 370 1061 irati
397 998 445 1061 ita
462 997 640 1077 volebant;
666 1007 700 1062 et
728 998 855 1062 facilius
883 998 926 1062 de
944 997 1022 1062 odio
1040 996 1192 1061 creditur.
1243 995 1397 1061 Vixdum

150 1117 166 1178 5
192 1116 326 1180 egresso
353 1097 472 1161 Pisone
498 1097 644 1161 occisum
662 1098 696 1162 in
723 1098 840 1162 castris
867 1097 1038 1162 Othonem
1060 1116 1166 1179 vagus
1193 1097 1337 1180 primum
1365 1107 1398 1160 et

193 1198 337 1263 incertus
367 1217 499 1264 rumor:
530 1218 622 1276 mox,
646 1207 684 1264 ut
711 1199 744 1263 in
774 1199 905 1282 magnis
932 1198 1124 1276 mendaciis,
1150 1197 1337 1262 interfuisse
1363 1217 1399 1261 se

193 1299 329 1382 quidam
347 1310 381 1364 et
399 1300 521 1365 vidisse
539 1298 773 1378 adfirmabant,
790 1299 925 1364 credula
942 1300 1033 1364 fama
1050 1301 1137 1365 inter
1162 1300 1347 1383 gaudentes
1365 1308 1400 1364 et

192 1400 381 1464 incuriosos
414 1400 514 1465 Multi
525 1399 773 1465 arbitrabantur
782 1401 1006 1484 compositum
1018 1410 1221 1484 auctumque
1232 1420 1398 1464 rumorem

193 1499 309 1562 mixtis
332 1500 398 1563 iam
418 1498 630 1576 Othonianis,
647 1502 704 1584 qui
731 1501 774 1565 ad
801 1501 1010 1564 evocandum
1030 1499 1174 1564 Galbam
1202 1501 1289 1563 laeta
1315 1500 1401 1564 falso

132 1621 168 1661 ro
190 1599 405 1681 volga'verint
1314 1628 1316 1630 ’

271 1716 289 1780 3
298 1699 443 1779 5.·Tum
461 1720 540 1764 vero
566 1718 633 1765 non
663 1701 806 1784 populus
835 1709 967 1765 tantum
996 1709 1030 1764 et
1060 1700 1214 1782 imperita
1242 1699 1338 1782 plebs
1367 1701 1400 1764 in

192 1800 329 1884 plausus
347 1810 382 1867 et
399 1800 568 1865 inmodica
585 1801 705 1880 studia,
723 1803 782 1866 sed
801 1803 952 1885 equitum
971 1801 1120 1885 plerique
1139 1821 1178 1865 ac
1199 1810 1400 1879 senatorum,

193 1902 304 1987 posito
331 1912 423 1967 metu
450 1903 583 1982 incauti,
601 1903 749 1969 refractis
768 1903 886 1968 Palatii
913 1903 1039 1968 foribus
1065 1923 1159 1968 ruere
1186 1903 1275 1968 intus
1301 1923 1340 1966 ac
1364 1923 1401 1967 se

195 2002 324 2069 Galbae
341 2013 517 2083 ostentare,
536 2013 745 2089 praereptam
763 2005 827 2070 sibi
845 2005 1007 2071 ultionem
1025 2014 1211 2089 querentes,
1229 2005 1401 2087 ignavissi-

152 2124 168 2185 5
196 2126 269 2170 mus
297 2106 438 2189 quisque
459 2115 502 2182 et,
520 2114 557 2171 ut
586 2127 636 2171 res
664 2107 788 2184 docuit,
806 2107 839 2170 in
868 2106 1016 2190 periculo
1045 2126 1112 2171 non
1139 2125 1278 2170 ausurus
1307 2106 1400 2170 nimii

194 2206 312 2283 verbis,
330 2207 464 2289 linguae
482 2206 630 2286 feroces;
656 2228 756 2272 nemo
777 2209 861 2272 scire
887 2217 921 2272 et
946 2227 1064 2271 omnes
1091 2207 1276 2283 adfirmare,
1293 2207 1400 2271 donec

194 2307 307 2390 inopia
324 2308 392 2371 veri
410 2316 444 2370 et
462 2326 625 2372 consensu
644 2309 824 2373 errantium
844 2309 951 2372 victus
977 2317 1113 2391 sumpto
1139 2307 1274 2371 thorace
1292 2305 1402 2370 Galba

194 2406 337 2471 inruenti
372 2407 490 2472 turbae
525 2427 634 2491 neque
667 2418 779 2473 aetate
814 2427 922 2492 neque
957 2428 1096 2490 corpore
1131 2408 1286 2471 resistens
1320 2407 1402 2470 sella

185 2506 363 2571 levaretur.
410 2508 539 2573 Obvius
557 2509 591 2572 in
611 2508 741 2573 Palatio
756 2507 860 2572 Iulius
872 2509 1008 2572 Atticus
1025 2507 1214 2591 speculator
1228 2516 1401 2571 cruentum

135 2626 171 2666 ιο
193 2607 342 2690 gladium
361 2617 535 2672 ostentans
553 2609 699 2673 occisum
714 2629 734 2672 a
752 2629 788 2672 se
802 2607 974 2673 Othonem
993 2608 1196 2672 exclamavit
1211 2629 1219 2686 ;
1245 2617 1279 2671 et
1293 2606 1403 2672 Galba

194 2712 209 2744 ‘⁴
220 2707 432 2786 commilito,’'
447 2709 563 2793 inquit,
580 2711 683 2793 “quis
700 2710 795 2774 iussit
806 2709 841 2774 ?’'
860 2709 982 2792 insigni
1000 2709 1114 2774 animo
1127 2709 1170 2773 ad
1184 2710 1402 2774 coercendam

193 2878 222 2929 of
231 2878 275 2928 the
283 2893 351 2929 news
360 2877 389 2928 of
395 2877 486 2929 Otho’a
497 2879 678 2944 proclamation
687 2880 721 2944 by
730 2879 772 2929 the
823 2878 907 2928 There
919 2878 940 2928 is
952 2878 995 2928 the
1006 2893 1075 2928 same
1087 2884 1197 2927 contrusi
1209 2893 1237 2927 aa
1248 2878 1337 2938 above,
1348 2894 1370 2928 c
1379 2893 1403 2939 4,

193 2943 356 3056 praetoriana,
368 2943 524 2993 determined
541 2952 568 2994 to
583 2943 678 2993 remain
692 2944 718 2994 in
730 2944 773 2994 the
823 2943 937 3008 “populi
953 2958 1013 3055 ξω
1032 2942 1241 3007 integra-plebs
1259 2942 1360 2992 sordida
1378 2953 1403 2993 et

215 3008 285 3058 alaoe
297 3007 347 3057 and
364 3007 413 3057 call
430 3017 474 3058 out
491 3007 534 3058 the
549 3007 677 3073 legiouary
688 3015 744 3058 troo
762 3024 774 3058 s
822 3007 952 3058 circo‘act
971 3007 1045 3057 eatris
1056 3004 1152 3067 sueta,”
1163 3006 1213 3056 and
1224 3006 1316 3068 below,
1326 3022 1348 3058 c.
1360 3021 1402 3069 40,

194 3080 222 3123 to
243 3071 283 3124 his
304 3071 417 3133 defence,
439 3073 489 3123 and
512 3073 566 3124 that
589 3073 622 3124 he
640 3077 697 3124 was‘
714 3024 774 3136 only
826 3072 993 3138 “populiaut
1006 3071 1114 3138 plebis”

194 3137 282 3189 drawn
294 3139 360 3188 forth
377 3139 410 3202 by
423 3138 465 3189 the
477 3138 538 3189 false
555 3154 624 3190 news
639 3139 669 3190 of
682 3138 774 3190 Otho’s
859 3152 879 3188 1.
899 3144 930 3188 tn
945 3142 1069 3196 plausus
1085 3142 1116 3188 et
1132 3141 1278 3188 inmodica
1293 3141 1400 3189 studia

193 3203 278 3255 death.
317 3203 525 3256 Healsoknows
536 3204 644 3270 nothing
655 3204 685 3256 of
695 3204 774 3256 Piso’s
823 3204 1215 3270 Supplyprommpere‚effundi.

194 3269 305 3320 mirsion.
755 3335 760 3349 .
857 3283 879 3334 3.
893 3284 989 3347 ,ruere
1005 3273 1097 3347 intua!
1111 3334 1116 3347 ⁸
1129 3269 1193 3319 This
1213 3268 1327 3346 isnuoted
1345 3285 1405 3347 asna

194 3338 471 3466 ,ιι
495 3339 675 3386 ¹⁰¹⁰
823 3334 1224 3488 aar,

193 3464 309 3531 thought,
328 3466 461 3516 commend
482 3465 534 3516 brrn
555 3473 582 3516 to
599 3467 642 3517 the
661 3466 774 3527 soldiers,
824 3467 891 3517 intus
903 3465 956 3527 (alu
967 3465 1045 3527 intro)
1056 3474 1094 3516 est
1106 3465 1196 3515 rtuna'

194 3545 287 3594 among
279 3530 484 3645 11ζὶιιιιτιὲωνίιιίιιι
479 3547 571 3646 bugu
621 3531 771 3646 fflpppulgr.
857 3547 880 3593 4
901 3534 1110 3644 ιαιιαιιὲειιιιιιιὶς
1130 3534 1406 3645 αιιιοῧιιοῑιοι-ἰιιῗὶιι

194 3609 377 3725 ntum
390 3612 734 3711 aemulare
752 3611 773 3656 ⁵·
824 3604 1406 3725 munumentum:

227 3725 251 3774 ⁶.
266 3728 634 3784 utiumacnlsmsndaolta
661 3724 776 3775 Heraeus
824 3725 901 3775 simus
910 3725 1016 3789 quisque
1025 3732 1049 3774 et
1059 3724 1134 3774 futuri
1144 3723 1322 3789 improvidus.”
1350 3724 1407 3774 The

194 3797 284 3854 quotes
295 3790 363 3839 Ann.
375 3806 415 3839 av.
428 3790 468 3852 36,
482 3789 600 3840 “dehinc
610 3805 676 3855 qnae
687 3797 776 3839 natura
843 3790 953 3840 redicate
972 3789 1037 3840 after
1056 3791 1160 3855 quisquc
1176 3789 1238 3839 with
1258 3789 1302 3839 the
1321 3805 1405 3854 snper·

195 3853 293 3918 magnis
324 3853 464 3939 timoribus,
489 3855 599 3905 deterius
629 3854 774 3914 credebant,
825 3806 902 3905 Ktive
913 3854 935 3904 is*
946 3854 1016 3904 often
1027 3854 1052 3903 in
1065 3854 1108 3904 the
1120 3853 1405 3926 plural,seeii.66and

195 3918 263 4046 qu?
275 3927 400 4033 geolftetralnrts'
417 3987 504 4060 fama.
538 3983 595 4034 The
613 3983 777 4060 adjectiveis
825 3918 875 4050 ξιξ.
901 3920 950 4048 ξξῖ
968 3919 1406 4051 εξεὲἰῗῗιῖἔιὲξιειιυῗιῑοίᾶὲςξὲἷιέιῗὶεί

196 4048 319 4114 probably
331 4048 429 4112 passive
441 4064 467 4099 ιιι
476 4064 556 4110 sense,
571 4051 696 4115 “garnrng
706 4049 776 4100 cred·
826 4066 902 4116 quam
914 4049 1033 4100 audere.”

196 4128 257 4164 enoe
266 4113 291 4172 ;''
308 4114 393 4163 butas
405 4113 455 4163 thia
467 4130 511 4164 use
526 4114 619 4178 isvery
630 4131 692 4174 rare,
706 4130 777 4164 some
859 4116 1133 4174 alintummas
1147 4113 1407 4180 “Fierceofspeech.”

197 4193 225 4228 ⁸¹¹
239 4177 777 4295 immitteretur?
826 4180 972 4308 {illl}
989 4179 1403 4296 ³rntultmsslutrt·

197 4307 272 4385 leraf'
301 4258 343 4358 Gn
356 4309 399 4359 the
412 4308 497 4358 useof
504 4260 641 4370 interfice
654 4308 705 4360 first
717 4318 777 4360 note
823 4262 995 4375 guestona
1013 4281 1326 4386 M.has’lirrguaefe’rocis,
1340 4320 1387 4387 etc.

198 4373 501 4488 ⁰¹¹l¹¹¹tttitl²am
546 4439 652 4490 rnna
729 4439 777 4490 n.
827 4372 883 4490 a}
897 4374 1408 4502 {titileit0ittlnltlttht

197 4501 261 4552 licha
291 4502 345 4553 luto
375 4504 544 4554 arbitramur.
593 4504 649 4554 The
680 4520 694 4554 c
729 4519 778 4568 nge
827 4504 931 4569 reading
947 4504 977 4553 of
994 4505 1043 4564 M..
1062 4505 1141 4569 might
1159 4505 1218 4554 here
1236 4505 1268 4554 be
1287 4505 1348 4555 used
1369 4504 1407 4554 for

198 4581 278 4617 secun
298 4583 469 4632 unnecessary,
492 4569 561 4644 since
584 4569 627 4644 the
648 4568 777 4644 imperfect
827 4570 948 4627 marens,
968 4569 1013 4619 but
1033 4585 1067 4618 no
1121 4568 1191 4618 rallel
1213 4585 1260 4618 can
1280 4570 1312 4619 be
1332 4569 1406 4619 cited.

198 4647 256 4744 ml
264 4632 322 4681 well
333 4632 396 4682 refer
408 4641 434 4682 to
444 4632 486 4682 the
499 4642 559 4683 trme
568 4633 652 4683 which
664 4633 777 4683 immedi-
829 4633 853 4683 lt
864 4650 945 4684 seems
954 4632 1077 4684 therefore
1106 4642 1170 4684 etter
1179 4634 1239 4683 with
1253 4634 1368 4684 Heraeus
1380 4641 1407 4683 to

198 4704 239 4746 ate
249 4712 265 4760 y
276 4697 414 4747 auoceeded
426 4697 531 4748 Galba's
541 4697 627 4748 death.
828 4698 887 4748 talre
905 4699 1023 4748 innanti
1037 4699 1126 4748 turbae
1141 4715 1170 4749 as
1186 4714 1201 4748 a
1218 4698 1302 4749 dative
1319 4698 1348 4748 of
1363 4699 1406 4748 the

230 4764 275 4811 8⁵.
299 4773 320 4812 1.
340 4766 467 4820 populus
483 4767 515 4813 et
530 4766 667 4822 impertae
682 4766 774 4820 plebs.
827 4772 903 4827 agent
920 4762 983 4813 after
994 4765 1121 4813 levaretur
1131 4763 1181 4813 aud
1197 4762 1232 4813 let
1243 4765 1332 4813 sistens
1343 4763 1408 4813 have
