3164 5348
574 256 762 314 LIBERI.
787 256 879 315 cAP.
903 258 1022 332 82-83
1338 257 1395 316 183

197 428 287 529 laeti,
294 449 353 510 per
371 428 485 492 turbas
502 437 537 492 et
551 437 665 511 raptus
683 429 810 492 facilius
823 430 866 494 ad
885 429 980 493 civile
998 428 1122 493 bellum
1141 430 1396 513 impellerentur,

198 528 296 592 simul
315 538 472 612 reputans
490 549 556 593 non
579 550 676 612 posse
695 529 917 613 principatum
939 530 1061 594 scelere
1078 529 1265 614 quaesitum
1287 530 1397 595 subita
1440 549 1456 609 5

199 631 362 694 modestia
388 642 421 695 et
448 631 555 714 prisca
580 631 744 714 gravitate
772 632 912 708 retineri,
939 631 997 695 sed
1024 631 1213 696 discrimine
1244 633 1340 696 urbis·
1363 641 1397 698 et

199 731 344 814 periculo
375 740 510 796 senatus
540 733 671 810 anxius,
701 741 870 816 postremo
905 733 952 796 ita
982 733 1156 798 disseruit:
1191 738 1326 817 “neque
1361 742 1398 798 ut

199 830 337 896 affectus
372 842 499 896 vestros
534 833 567 896 in
603 853 751 897 amorem
787 833 852 896 mei
887 835 1111 911 accenderem,
1145 835 1398 912 commilitones,

200 951 307 1015 neque
325 940 361 995 ut
375 932 528 1021 animum
544 934 586 996 ad
605 933 761 997 virtutem
780 933 969 996 cohortarer
987 932 1139 1016 (utraque
1159 935 1247 997 enim
1266 934 1398 1017 egregie

198 1031 398 1114 supersunt),
411 1033 469 1096 sed
482 1034 556 1096 veni
571 1033 797 1114 postulaturus
810 1054 831 1097 a
848 1032 942 1097 vobis
956 1042 1255 1117 temperamentum
1269 1042 1398 1099 vestrae
1425 1052 1460 1092 10

200 1132 401 1196 tortitudinis
428 1141 462 1196 et
488 1153 567 1216 erga
595 1154 648 1197 me
675 1135 812 1197 modum
841 1134 996 1198 caritatis.
1047 1133 1226 1198 Tumultus
1252 1134 1397 1216 proximi

199 1232 329 1296 initium
366 1253 432 1296 non
467 1234 651 1315 cupiditate
686 1233 737 1297 vel
772 1234 859 1311 odio,
886 1253 975 1316 quae
1010 1234 1133 1298 multos
1167 1235 1333 1298 exercitus
1364 1234 1397 1298 in

199 1333 400 1397 discordiam
431 1354 537 1416 egere,
564 1355 601 1398 ac
634 1354 675 1398 ne
705 1334 946 1398 detrectatione
970 1334 1105 1417 quidem
1136 1344 1194 1399 aut
1224 1335 1399 1400 formidine

201 1433 442 1515 periculorum:
474 1435 576 1498 nimia
606 1435 713 1516 pietas
747 1443 857 1499 vestra
891 1435 998 1497 acrius
1028 1454 1129 1517 quam
1160 1435 1399 1500 consideratius

201 1533 369 1596 excitavit
423 1533 511 1596 Nam
547 1553 647 1616 saepe
681 1534 838 1597 honestas
874 1553 981 1596 rerum
1016 1553 1142 1608 causas,
1173 1535 1206 1597 ni
1242 1535 1399 1598 iudicium
1427 1549 1460 1608 15

201 1631 369 1708 adhibeas,
405 1632 578 1714 perniciosi
614 1633 726 1696 exitus
760 1641 987 1696 consecuntur.
1059 1632 1151 1695 Imus
1186 1634 1228 1697 ad
1267 1632 1399 1697 bellum.

202 1730 293 1793 Num
312 1750 429 1794 omnes
447 1732 581 1795 nuntios
600 1731 710 1814 palam
738 1731 853 1808 audiri,
870 1732 984 1794 omnia
1001 1731 1138 1794 consilia
1163 1732 1291 1795 cunctis
1309 1752 1400 1814 prae·

200 1831 349 1894 sentibus
373 1831 506 1895 tractari
534 1832 619 1895 ratio
636 1852 744 1894 rerum
763 1837 821 1896 aut
846 1832 1058 1895 occasionum
1077 1830 1235 1896 velocitas
1253 1833 1402 1914 patitur?

201 1941 270 1996 tam
306 1933 432 1997 nescire
465 1935 631 2017 quaedam
667 1933 788 1997 milites
822 1953 923 2016 quam
958 1930 1041 1997 scire
1076 1942 1217 2016 oportet.
1281 1933 1333 1997 Ita
1366 1953 1402 1998 se

201 2034 324 2099 ducum
351 2036 539 2110 auctoritas,
561 2035 607 2100 sic
635 2035 722 2118 rigor
748 2034 942 2118 disciplinae
968 2033 1077 2110 habet,
1104 2043 1141 2099 ut
1168 2034 1273 2099 multa
1300 2035 1400 2100 etiam
1427 2053 1464 2093 20

202 2136 411 2200 centuriones
452 2136 668 2221 tribunosque
708 2145 839 2201 tantum
881 2136 983 2200 iuberi
1024 2136 1191 2220 expediat
1262 2136 1307 2215 Si,
1344 2156 1403 2202 cur

204 2236 387 2316 iubeantur,
418 2259 574 2321 quaerere
604 2239 743 2322 singulis
778 2237 884 2316 liceat,
914 2246 1072 2321 pereunte
1106 2238 1266 2321 obsequio
1300 2238 1401 2303 etiam

204 2338 378 2420 imperium
410 2339 583 2403 intercidit.
636 2339 693 2403 An
724 2348 759 2404 et
789 2338 855 2401 illic
881 2348 980 2403 nocte
1010 2339 1209 2421 intempesta
1235 2339 1405 2421 rapientur

204 2444 322 2500 arma?
347 2459 432 2501 unus
453 2438 577 2502 alterve
595 2439 744 2520 perditus
768 2459 807 2501 ac
825 2437 1027 2502 temulentus
1047 2438 1273 2520 (nequeenim
1293 2439 1403 2521 plures

238 2583 259 2636 ς.
277 2575 364 2622 amu
383 2577 531 2630 rapum
568 2571 631 2621 rna
648 2571 781 2636 halancing
831 2545 892 2644 inin
914 2569 1075 2648 dimups·’
1105 2570 1153 2648 ter.
1173 2569 1197 2620 rt
1216 2581 1256 2631 24,
1281 2568 1404 2621 ‘auara

205 2638 254 2686 and
266 2637 314 2687 hea
331 2637 375 2701 ing
386 2652 420 2701 up
431 2637 461 2686 ol
475 2636 517 2687 the
530 2637 626 2687 clauses
643 2644 781 2702 represents
831 2652 906 2701 quam
918 2636 1054 2686 consultius
1063 2633 1086 2694 3⁹¹
1104 2651 1136 2684 ιν.
1150 2648 1191 2696 4ο,
1205 2642 1252 2684 etc.

206 2701 249 2751 the
271 2702 297 2751 di
316 2709 385 2752 erent
408 2702 511 2766 leelings
533 2702 566 2766 by
586 2701 667 2751 which
691 2701 781 2752 Otho’s
865 2700 903 2750 18.
922 2703 999 2749 ratlo
1018 2713 1117 2749 rerum
1141 2704 1195 2776 aut
1219 2703 1405 2776 monum

207 2767 276 2817 mind
288 2782 340 2816 vas
351 2766 515 2831 successively
525 2767 631 2832 svayed.
830 2769 979 2880 ”mm
999 2765 1063 2814 “Do
1072 2764 1116 2878 tlpe
1124 2779 1263 2879 exigetncrqs
1271 2763 1402 2879 οῐῗξκιὲιε,

734 2847 740 2860 ·
831 2864 837 2878 .
1032 2845 1086 2879 reo
1175 2844 1261 2879 runrr
1376 2845 1405 2879 or

206 2860 261 2961 mg'
281 2851 646 2962 mfflitfffflffiffits
680 2849 783 2972 Tffimg
830 2847 881 2944 iiis
898 2845 1053 2971 dievpirgqsuof
1068 2845 1289 2980 duitgpobeiwgeis:
1305 2893 1405 2958 general

207 2929 263 3026 nui
280 2975 299 3024 n
322 2991 333 3023 r
383 2976 438 3025 nea
461 2983 488 3025 ω
510 2976 602 3025 uma
633 2985 705 3026 tae
725 2975 782 3024 ano
830 2956 1404 3035 aad⁸0¹d¹ef³20031¹n⁸rehntpnmsa⁸neoeh

208 3056 272 3089 m
314 2991 403 3089 ,cmg
440 3040 472 3089 1„
493 3054 515 3088 c,
538 3050 566 3103 ¹5
586 2993 619 3090 hg
637 3039 680 3089 on}
716 3032 743 3088 ,ᾗ
832 3038 864 3072 ur.
881 3035 922 3082 20,
937 3023 1037 3072 “divisa
1054 3029 1118 3071 mter
1133 3029 1268 3071 exercitum
1279 3021 1405 3097 ducesque

210 3056 319 3154 “carii
352 3104 449 3153 locutus
482 3103 584 3154 renum·
629 3103 667 3154 or
680 3055 783 3153 'miii
834 3086 1052 3147 muniamititibu·
1060 3085 1202 3151 cupidinem
1211 3085 1404 3150 pagnanum-

207 3168 299 3219 „ech
316 3168 348 3218 he
363 3184 391 3218 ,α
441 3180 492 3218 c.2
534 3168 664 3218 “inhunc
680 3168 783 3218 modum
832 3151 923 3210 venire,
952 3151 1028 3200 duces
1057 3150 1211 3226 providendo
1239 3150 1405 3226 consultando

207 3186 363 3292 „flloeuqug”
381 3184 426 3282 „yost'
442 3181 581 3298 pmst’gsing
595 3248 611 3282 ι
646 3233 743 3298 mmly
756 3240 783 3283 10
833 3215 990 3266 cunctatione
1002 3230 1100 3291 saeptus
1110 3231 1185 3279 quam
1197 3221 1336 3291 temeritate
1347 3230 1403 3279 pro·

208 3297 264 3363 give
287 3298 329 3347 the
353 3298 448 3362 precise
470 3298 559 3348 words
611 3249 731 3347 Whereas
757 3297 787 3347 ol
833 3280 904 3330 dem
922 3288 948 3329 ¹¹²
965 3279 1087 3345 Ριονίῐίιι
1104 3287 1174 3344 1³²¹st
1190 3294 1265 3329 ΗΜ
1282 3294 1311 3328 ²⁰
1328 3294 1403 3330 Mil

209 3362 299 3413 Otho's
316 3362 431 3426 previous
450 3362 551 3427 speech,
570 3362 603 3411 he
620 3377 684 3427 says,
699 3377 721 3411 ς,
741 3360 781 3425 36,
833 3344 961 3422 victoriam
978 3343 1075 3421 iuverit,
1088 3343 1184 3393 ratione
1195 3351 1221 3393 et
1232 3342 1337 3427 coqsilio
1348 3359 1404 3408 pro-

211 3426 390 3493 “irscoepirss’
833 3425 893 3523 prus
904 3409 973 3458 ducis
984 3409 1086 3467 artibus,
1096 3408 1267 3472 profuturum
1298 3408 1405 3458 seealso

856 3474 888 3524 iv.
909 3473 965 3523 xliv.
990 3484 1029 3536 34.
1072 3474 1096 3523 Α
1116 3488 1220 3538 passage
1241 3471 1303 3523 lrom
1322 3471 1404 3523 svbicb

833 3539 934 3590 Tacitus
945 3539 990 3588 has
1001 3538 1122 3604 probably
1133 3538 1229 3604 oopied.

866 3617 904 3654 ar.
924 3606 1150 3653 tantumlubert.
1178 3604 1197 3630 ‘⁴
1205 3602 1300 3654 Should
1309 3601 1405 3654 receive

833 3667 1084 3734 simplyasorders”

867 3746 905 3783 21.
924 3735 1267 3783 el-lloeat-lntercldlt.
1296 3732 1352 3781 The
1368 3731 1405 3781 in·

724 3797 731 3851 ἶ
771 3838 785 3860 „
834 3797 940 3848 ‹licative
962 3804 1061 3862 present
1080 3797 1101 3846 is
1120 3797 1181 3846 used
1201 3804 1227 3846 to
1246 3803 1345 3860 express
1362 3796 1407 3846 the

246 3839 768 3898 ¹⁰³⁰¹¹¹m³⁸m⁰¹²tumwh⁶¹e⁸¹¹²¹¹¹h
834 3863 954 3927 certainty
971 3861 999 3912 ol
1016 3862 1058 3911 the
1077 3862 1160 3912 result.
1195 3861 1227 3910 Si
1243 3861 1314 3910 lateat
1363 3875 1406 3911 ne·

210 3909 239 3954 lu
249 3907 430 3954 discordiam.
455 3904 513 3953 “To
521 3902 785 3955 mutinousconduct.”
834 3928 918 3977 ,alise-3
936 3927 979 3977 qh,
997 3926 1148 3990 hypothesis,
1169 3941 1197 3975 ω
1215 3926 1278 3975 1101,
1343 3924 1404 3976 ..iii

224 3985 386 4059 ‘rsnrmta
396 3986 491 4056 Dim?
499 3986 607 4056 ’ΜΨ
644 3979 784 4057 nemi&
835 4002 873 4054 37·
888 3991 934 4041 “si
947 3991 1036 4040 tractus
1052 3990 1160 4040 illabitur
1176 3989 1243 4040 orbis
1252 3989 1408 4054 impavidum

211 4063 265 4096 sron
274 4047 303 4095 ol
312 4046 354 4095 the
363 4046 515 4096 adversative
525 4046 627 4110 particle
634 4045 786 4109 emphasrses
835 4056 922 4106 seriem
934 4054 1045 4105 mima

212 4112 382 4161 memmi·
868 4133 907 4183 23.
927 4135 966 4169 an
991 4123 1021 4168 at
1045 4122 1108 4168 illio
1147 4117 1255 4167 “When
1281 4133 1319 4167 we
1343 4117 1409 4167 have
1436 4126 1441 4138 ·

249 4200 284 4247 ¹4·
314 4189 411 4236 acilus
442 4200 531 4244 quam
563 4188 782 4235 consideratius.
834 4185 941 4249 actually
958 4192 994 4233 set
1011 4191 1055 4233 out
1071 4183 1109 4232 ior
1126 4181 1202 4232 var.''
1236 4182 1366 4247 Referring
1383 4189 1410 4231 to

213 4252 325 4300 Another
334 4251 436 4314 reading
445 4251 466 4300 is
472 4250 619 4300 comtiimte
623 4267 635 4310 ;
651 4250 693 4300 the
702 4265 784 4299 mean·
834 4255 910 4299 lmiis
922 4253 960 4298 ad
970 4252 1077 4298 bellum
1088 4247 1174 4296 above.
1210 4252 1297 4296 nocte
1307 4250 1410 4296 luten·

213 4316 260 4429 inst·
272 4316 294 4429 ip
309 4316 356 4429 they¹
364 4315 476 4430 ”ffli'yis
489 4315 532 4391 the
546 4315 631 4428 ‘lpttetrh
638 4331 684 4363 can
701 4314 785 4428 stazqqld
834 4319 927 4373 poeta
964 4313 999 4362 At
1011 4312 1128 4424 tipenrlead
1140 4311 1169 4360 ol
1177 4311 1247 4375 night
1261 4309 1360 4360 “when
1376 4325 1410 4360 no

213 4397 276 4431 wic
308 4397 329 4430 u
358 4396 390 4429 ou
429 4395 522 4439 u,v1a
571 4395 602 4428 nr
649 4395 719 4429 more
836 4393 1046 4428 mancenwor.

245 3518 281 3554 ια
299 3509 352 3554 sed
368 3507 442 3554 veni.
478 3503 542 3553 This
553 3510 746 3580 postponement
757 3509 784 3553 to

210 3569 252 3620 the
269 3569 361 3619 second
378 3569 461 3620 clause
478 3569 506 3618 ol
520 3569 563 3619 the
581 3569 701 3634 pnncipal
715 3568 783 3627 verb,

210 3634 291 3684 which
303 3635 408 3699 belongs
424 3642 450 3683 to
462 3633 531 3692 both,
544 3634 565 3684 is
576 3650 591 3683 a
603 3634 666 3684 uick
678 3634 706 3684 ol
721 3633 784 3697 style

210 3699 290 3748 which
319 3699 421 3748 Tacitus
454 3698 499 3748 has
529 3698 618 3763 copied
648 3699 712 3748 from
742 3697 785 3747 the

211 3772 298 3828 poets;
315 3765 422 3812 soAnn.
437 3763 454 3812 i.
469 3773 509 3827 35,
522 3763 554 3812 vi.
570 3775 608 3824 29.
