3164 5348
799 50 821 105 i

198 622 254 679 142
430 620 656 681 CORNELII
674 619 835 680 YACITI
849 617 1181 682 HISTORIARUM

195 795 295 858 tione.
350 795 531 874 Postquam
551 793 703 855 universa
720 792 932 855 classicorum
961 793 1048 874 legio
1066 772 1312 855 sacramentum
1331 793 1402 854 eius

196 894 334 975 accepit,
360 891 466 955 fidens
494 891 626 965 viribus,
651 900 685 954 et
712 910 796 972 quos
822 891 932 954 adhuc
958 891 1108 974 singulos
1134 891 1402 965 extimulaverat,

137 1020 170 1079 15
196 993 427 1058 accendendos
445 993 478 1055 in
497 1011 674 1055 commune
692 1000 791 1068 ratus,
809 1010 870 1074 pro
887 990 975 1056 vallo
993 1001 1176 1056 castrorum
1195 992 1243 1056 ita
1259 993 1371 1075 coepit
1385 1015 1404 1053 a·

276 1108 330 1179 37.
358 1093 470 1176 “Quis
501 1092 543 1157 'ad
572 1112 631 1155 vos
661 1092 886 1174 processerim,
912 1091 1166 1168 commilitones,
1194 1093 1303 1156 dicere
1334 1111 1401 1155 non

197 1214 343 1279 possum,
360 1194 438 1276 quia
457 1213 518 1258 nec
536 1194 702 1276 privatum
722 1212 775 1256 me
793 1213 912 1257 vocare
929 1194 1078 1257 sustineo
1096 1193 1250 1276 princeps
1268 1213 1289 1256 a
1306 1193 1402 1256 vobis

197 1297 388 1360 nominatus
400 1315 460 1358 nec
472 1295 655 1377 principem
667 1293 734 1357 alio
744 1295 937 1377 imperante.
962 1294 1120 1358 Vestrum
1133 1315 1266 1377 quoque
1278 1314 1400 1358 nomen

197 1397 230 1459 in
250 1397 374 1459 incerto
401 1395 471 1470 crit,
489 1395 596 1458 donec
623 1394 838 1471 dubitabitur,
857 1395 1091 1476 imperatorem
1120 1395 1234 1478 populi
1255 1395 1400 1458 Romani

155 1521 170 1580 5
197 1497 229 1558 in
257 1496 372 1557 castris
399 1515 441 1557 an
469 1492 600 1556 hostem
624 1494 784 1556 habeatis.
843 1493 1032 1568 Auditisne,
1059 1505 1096 1557 ut
1127 1514 1235 1576 poena
1265 1514 1339 1557 mea
1367 1504 1402 1557 et

195 1594 395 1677 supplicium
421 1602 568 1657 vestrum
597 1592 695 1656 simui
722 1591 933 1675 postulentur
943 1599 976 1660 Ρ..
993 1595 1079 1656 adeo
1110 1592 1324 1656 manifestum
1350 1602 1402 1656 est

197 1714 306 1778 neque
324 1694 430 1778 perire
448 1713 509 1758 nos
526 1713 635 1776 neque
652 1692 763 1758 salvos
793 1712 866 1756 esse
895 1693 956 1756 nisi
984 1713 1051 1757 una
1077 1714 1182 1775 posse.
1234 1693 1280 1758 Et
1308 1694 1402 1757 cuius

196 1797 342 1862 lenitatis
356 1806 407 1861 est
417 1795 534 1873 Galba,
546 1797 611 1859 iam
630 1794 769 1859 sortasse
787 1796 949 1879 promisit,
960 1807 996 1859 ut
1014 1796 1071 1879 qui
1087 1795 1180 1859 nullo
1197 1805 1403 1879 exposcente

196 1908 248 1965 tot
287 1899 378 1963 milia
422 1897 767 1962 innocentissimorum
812 1898 955 1962 militum
996 1898 1218 1964 trucidaverit.
1274 1898 1403 1963 Horror

137 2034 173 2073 10
196 2002 346 2066 animum
361 2000 459 2080 subit,
470 2001 625 2084 quotiens
640 2001 794 2064 recordor
805 2000 940 2065 feralem
956 2001 1129 2065 introitum
1142 2010 1177 2064 et
1190 2000 1276 2065 hanc
1294 2001 1400 2065 solam

127 2179 131 2187 ι
198 2103 327 2168 Galbae
344 2103 527 2179 victoriam,
544 2122 620 2166 cum
639 2102 673 2167 in
692 2102 796 2170 oculis
818 2102 908 2166 urbis
926 2103 1095 2166 decumari
1113 2102 1246 2166 deditos
1265 2103 1402 2180 iuberet,

197 2225 282 2288 quos
316 2205 533 2287 deprecantes
565 2205 598 2266 in
635 2203 735 2267 fidem
767 2214 947 2285 acceperat
1011 2204 1075 2267 His
1102 2205 1258 2286 auspiciis
1285 2204 1401 2267 urbem

198 2305 373 2387 ingressus,
407 2323 508 2385 quam
540 2303 680 2385 gloriam
716 2304 758 2367 ad
795 2304 1018 2385 principatum
1054 2304 1168 2366 attulit
1204 2304 1266 2366 nisi
1301 2304 1401 2367 occisi

198 2403 390 2468 Obultronii
426 2402 543 2467 Sabini
578 2413 612 2465 et
648 2402 792 2467 Cornelii
829 2403 979 2466 Marcelli
1016 2403 1048 2465 in
1092 2402 1268 2484 Hispania,
1304 2403 1402 2466 Betui

139 2534 172 2593 15
199 2501 349 2567 Chilonis
376 2503 407 2565 in
428 2501 546 2577 Gallia,
566 2502 685 2565 Fontei
705 2502 879 2584 Capitonis
906 2503 939 2564 in
959 2501 1149 2578 Germania,
1167 2502 1276 2567 Clodii
1296 2502 1402 2565 Macri

198 2603 231 2665 in
261 2601 386 2678 Africa,
418 2601 573 2682 Cingonii
605 2602 638 2664 in
670 2602 732 2677 via,
756 2600 942 2683 Turpiliani
970 2602 1002 2664 in
1030 2602 1120 2678 urbe,
1142 2601 1341 2684 Nymphidii
1369 2603 1402 2665 in

197 2703 338 2766 castris?
364 2721 451 2784 quae
469 2721 610 2783 usquam
629 2702 807 2783 provincia,
825 2722 912 2784 quae
937 2710 1046 2766 castra
1072 2712 1150 2765 sunt
1178 2703 1239 2765 nisi
1266 2710 1403 2765 cruenta

232 2944 270 2995 13.
284 2933 567 2988 duddommleoelo.
600 2930 648 2979 See
659 2938 730 2979 notes
740 2945 773 2978 on
824 2916 866 2992 3⁸2,
887 2929 1016 2979 “dissono
1038 2931 1146 2980 clamore
1170 2932 1273 2980 caedem
1295 2931 1405 2981 Othonis

197 2996 282 3061 chaps.
296 2995 375 3045 band
386 3007 427 3058 31.
461 2994 524 3043 This
535 3010 595 3054 was,
607 2995 721 3059 perhaps,
731 2994 774 3043 ibe
825 3003 849 3044 et
867 2994 1053 3044 coniuratorum
1065 2995 1167 3044 exilium
1240 2996 1362 3046 entium.”

197 3062 257 3125 only
268 3060 350 3110 whole
361 3060 444 3124 legion
456 3059 482 3108 in
493 3059 536 3108 tire
546 3058 604 3122 city.
858 3069 880 3121 7.
898 3062 984 3109 ouius
999 3063 1136 3110 lenitatis
1195 3061 1233 3110 his
1245 3061 1266 3111 is
1277 3060 1307 3111 oi
1317 3077 1405 3112 course

233 3137 269 3190 15.
287 3130 330 3175 ita
340 3129 444 3184 coepit.
474 3125 575 3174 Tacitus
584 3140 648 3188 may,
658 3123 775 3189 perhaps,
825 3123 935 3174 ironieal.
969 3128 1109 3183 promisit
1142 3125 1190 3176 We
1205 3136 1270 3176 must
1282 3128 1372 3193 supply
1383 3136 1406 3176 et

197 3191 300 3249 himself
313 3192 377 3242 have
393 3189 471 3240 heard
483 3190 533 3241 this
543 3190 643 3255 speech.
680 3190 774 3240 Itisin
821 3198 1092 3254 murmurantum
1126 3192 1214 3242 licium
1225 3200 1342 3243 vestmm.

197 3257 336 3307 admirable
352 3264 471 3316 contrast,
484 3256 605 3306 asRitter
623 3255 707 3320 points
720 3263 772 3316 out,
858 3268 881 3317 9.
902 3261 948 3305 iot
972 3259 1059 3306 milia.
1132 3257 1156 3306 io
1175 3273 1231 3321 says
1251 3258 1321 3308 there
1339 3274 1406 3308 were

132 3335 136 3343 “
197 3331 224 3373 to
241 3324 285 3374 the
301 3338 350 3372 one
361 3321 444 3372 which
460 3322 492 3371 be
508 3320 559 3371 had
576 3320 652 3384 lately
663 3329 708 3386 put
721 3321 774 3369 into
826 3320 931 3382 yooooi
946 3320 988 3371 the
1005 3322 1126 3371 unarmed
1143 3323 1250 3373 marines
1266 3323 1344 3373 killed
1362 3325 1405 3373 be·

197 3388 241 3439 the
252 3388 340 3437 mouth
348 3387 378 3436 oi
386 3386 453 3446 Piso,
466 3386 552 3452 chaps.
568 3399 606 3463 29,
620 3398 661 3462 Ι3ο.
697 3385 776 3435 Piso's
825 3385 1405 3439 sidesthosewhowereaiierwardsdecimated.

196 3451 776 3582 itaul‘naitt‘tliiithiiilu
826 3455 1209 3577 nihahbilmiflussiilm
1231 3459 1406 3584 iiiiii}

196 3584 377 3648 unscrupulous
393 3584 443 3634 aad
461 3590 559 3642 untrue,
573 3583 618 3632 but
636 3581 776 3645 admirably
826 3582 920 3631 known
947 3582 976 3631 oi
1001 3582 1044 3632 the
1071 3583 1264 3634 circumstances
1288 3583 1317 3634 oi
1341 3585 1405 3634 their

195 3648 305 3713 adapted
318 3656 344 3697 to
356 3648 405 3697 win
423 3648 465 3697 tbe
550 3647 600 3697 will
617 3646 646 3696 oi
660 3647 732 3696 those
749 3654 776 3696 io
826 3646 923 3706 deuths,
943 3647 988 3696 but
1008 3647 1067 3711 they
1086 3664 1128 3696 ma
1161 3649 1193 3698 be
1212 3649 1312 3698 alluded
1333 3658 1360 3699 to
1380 3650 1406 3698 in

198 3712 419 3764 whomitisaddr
492 3748 499 3760 .
828 3713 896 3760 Suet
906 3710 980 3761 Galb.
996 3724 1034 3772 12,
1044 3712 1119 3762 when
1127 3665 1224 3777 besays
1233 3714 1406 3778 “praepositos

228 3780 273 3828 87.
306 3791 325 3828 1.
351 3780 571 3827 commilitones
619 3774 703 3825 Galba
725 3775 776 3826 and
827 3787 1048 3851 procuratoresque
1069 3777 1193 3842 supplicio
1215 3778 1304 3843 capitis
1323 3779 1405 3830 affecit

187 3843 256 3915 ‘Piso
264 3843 314 3893 had
324 3843 377 3894 also
385 3843 446 3893 used
458 3841 508 3892 this
518 3841 585 3892 word
595 3840 621 3891 in
630 3841 777 3906 addressing
826 3857 883 3890 curn
891 3842 1038 3906 coniugibus
1046 3851 1071 3892 et
1079 3842 1187 3903 liberis,’'
1195 3844 1317 3909 speaking
1325 3844 1354 3893 oi
1363 3845 1405 3895 the

197 3910 241 3960 the
252 3918 344 3973 troops
668 3914 675 3940 ³
753 3971 764 4020 Ι
827 3906 1216 4023 ἰδίιιίξδείοξοῦύὶψΐιδραίυ.
1241 3909 1407 3988 ΟἰηιΙιῐοιιὶιιρΙ

196 3975 777 4090 utilitati:lilli‘tiiiilmi
827 3975 1405 4099 „titiiriltlh‘iaizitlirttttt

196 4120 212 4154 a
234 4105 352 4180 princeps
359 4119 371 4180 ξ
399 4104 442 4153 the
469 4103 535 4167 right
560 4101 586 4150 in
615 4102 703 4165 theory
725 4101 776 4151 still
827 4103 1004 4215 byllieividius
1018 4103 1123 4164 Priscus,
1136 4107 1202 4182 hun.
1210 4105 1261 4178 xiii.
1272 4104 1311 4156 28.
1343 4107 1405 4156 Cor·

198 4169 324 4284 iiiii
337 4168 399 4244 '¹¹¹¹
412 4168 455 4218 ‘¹¹‘
470 4175 556 4308 Ψ,
571 4167 777 4345 ὝἫ
827 4169 1409 4310 tliktdlhhatill'sataiii

198 4297 717 4437 siltilffli'ii'artissrlmiriulri
734 4305 777 4436 {li
827 4297 1406 4441 ffiffiaffillffiitffsfflonib‘seffi

198 4426 778 4556 aitirjhiritlltlilridiligiti
827 4428 1406 4558 i'iflttiilllltllitllttiliipltl‘

198 4556 284 4620 aeeiug
305 4554 378 4604 when
406 4555 425 4604 it
454 4555 499 4604 has
526 4554 652 4603 reference
681 4561 707 4602 to
735 4554 778 4603 the
863 4564 902 4630 153
921 4556 971 4604 For
1001 4556 1121 4605 Fonteius
1143 4557 1244 4622 Capito,
1263 4574 1304 4608 see
1327 4574 1348 4608 a
1374 4570 1406 4619 7;

200 4636 303 4698 manner
314 4619 343 4695 oi
356 4619 399 4669 tbe
410 4619 483 4677 deed,
495 4626 539 4668 not
552 4617 670 4694 thedeed
682 4633 715 4694 or·
728 4618 777 4668 lact
828 4618 932 4669 Clodius
941 4621 1035 4681 Macer,
1042 4621 1126 4696 chaps
1135 4622 1204 4683 7and
1216 4634 1255 4698 με
1268 4623 1407 4687 Cingonius

199 4685 272 4736 rtseli.
292 4685 422 4734 “Videsne
429 4693 456 4736 ut
463 4684 515 4733 alta
522 4692 571 4735 stet
578 4698 636 4732 nive
643 4683 778 4732 candidum
828 4684 909 4733 Varro
927 4685 977 4734 and
996 4686 1126 4736 Petronius
1143 4687 1312 4752 Turpilianus,
1331 4704 1352 4739 c
1373 4688 1406 4747 ὃς

199 4750 302 4801 Soracte
309 4749 335 4800 i”
354 4749 418 4801 lior.
430 4748 480 4800 Od
496 4749 512 4799 i.
522 4761 546 4811 9,
558 4761 568 4798 r
579 4766 587 4809 ς
604 4763 646 4798 see
657 4748 745 4810 above,
756 4764 777 4799 c.
828 4748 1000 4814 Nymphidius
1011 4751 1127 4812 Sabinus,
1141 4769 1162 4802 c.
1180 4764 1200 4816 5.
