3164 5348
7 270 214 285 m
972 265 1056 272 =--—.

171 663 231 725 474
409 664 636 727 CORNELII
658 665 713 725 TA
719 665 817 726 CITI
834 665 1167 727 HISTORIARUM

140 901 148 922 ‚
172 861 245 905 rum
264 850 421 924 coeptum
441 850 633 920 certamem
658 841 781 907 deinde
808 850 881 905 orta
909 841 1096 925 trepidatio,
1114 862 1190 906 cum
1219 841 1378 925 praealtis

173 939 352 1024 paludibus
377 961 472 1005 arma
497 942 574 1025 equi
600 940 816 1005 haurirentur.
870 941 1028 1006 Germani
1059 943 1147 1006 notis
1177 942 1272 1012 vadis
1303 961 1379 1025 per·

172 1039 352 1119 saltabant,
370 1042 495 1106 omissa
511 1041 708 1125 plerumque
725 1041 834 1105 fronte
851 1042 956 1106 latera
982 1062 1021 1105 ac
1049 1051 1143 1125 terga
1160 1042 1379 1106 circumveni·
1443 1114 1450 1129 ·

130 1156 146 1218 5
173 1149 277 1208 entes.
329 1140 449 1225 Neque
467 1150 504 1206 ut
522 1142 555 1204 in
570 1141 716 1224 pedestri
730 1141 809 1216 acie,
822 1142 1010 1207 comminus
1023 1142 1153 1208 eminus
1166 1142 1356 1207 certabatur
1369 1163 1379 1221 ;

172 1242 231 1306 sed
267 1251 441 1326 tamquam
477 1242 586 1306 navali
621 1261 744 1326 pugna,
772 1243 848 1324 vagi
877 1243 963 1307 inter
997 1243 1104 1308 undas
1138 1254 1205 1321 aut,
1232 1244 1260 1308 si
1294 1243 1377 1326 quid

173 1342 292 1407 stabile
309 1342 512 1421 occurrebat,
530 1343 610 1408 totis
636 1343 702 1407 illic
728 1342 922 1427 corporibus
949 1344 1102 1421 nitentes,
1119 1344 1281 1411 volnerati
1299 1363 1377 1408 curn

172 1443 319 1526 integris,
337 1443 433 1525 periti
453 1444 554 1507 nandi
572 1463 649 1506 cum
668 1442 791 1525 ignaris
810 1443 843 1508 in
863 1453 1013 1508 mutuam
1032 1443 1211 1530 perniciem
1229 1443 1379 1528 implica·

172 1543 301 1608 bantur.
355 1543 468 1607 Minor
485 1551 598 1607 tamen
617 1562 719 1626 quam
737 1563 799 1626 pro
815 1542 961 1609 tumultu
979 1544 1111 1626 caedes,
1124 1545 1204 1626 quia
1221 1563 1288 1609 non
1306 1543 1379 1607 ausi

111 1668 148 1708 ιο
172 1643 285 1729 egredi
303 1631 461 1727 paludem
481 1642 640 1708 Germani
658 1643 692 1708 in
711 1651 819 1707 castra
836 1644 970 1711 rediere.
1008 1643 1088 1708 Eius
1106 1643 1221 1728 praelii
1239 1653 1380 1708 eventus

172 1754 352 1828 utrumque
394 1744 524 1821 ducem,
559 1744 697 1808 diversis
734 1744 837 1808 animi
873 1743 1028 1821 motibus,
1062 1743 1105 1808 ad
1142 1744 1377 1809 maturandum

172 1863 324 1909 summae
343 1845 388 1909 rei
406 1844 584 1909 discrimen
602 1845 718 1909 erexit
772 1843 886 1909 Civilis
913 1845 1036 1909 instare
1062 1845 1223 1923 fortunae,
1241 1843 1381 1909 Cerialis

172 1944 307 2009 abolere
342 1946 570 2028 ignominiam.
623 1944 781 2009 Germani
817 1946 983 2028 prosperis
1019 1946 1168 2024 seroces;
1205 1946 1378 2008 Romanos

173 2046 283 2127 pudor
312 2046 525 2110 excitaverat
578 2045 660 2109 Nox
695 2046 785 2128 apud
820 2044 979 2109 barbaros
1014 2056 1115 2110 cantu
1141 2054 1200 2110 aut
1225 2045 1379 2119 clamore,

113 2167 147 2228 15
174 2146 296 2210 nostris
314 2165 373 2231 per
391 2146 473 2209 iram
492 2154 526 2210 et
544 2146 653 2210 minas
670 2156 754 2209 acta

233 2245 308 2318 ,16.
336 2246 473 2310 Postera
488 2246 572 2324 ¹luce
599 2245 737 2311 Cerialis
772 2246 884 2328 equite
911 2254 946 2310 ct
973 2245 1156 2310 auxiliariis
1186 2245 1380 2310 cohortibus

173 2346 317 2410 frontem
344 2346 483 2428 explet;
519 2346 552 2408 in
578 2346 726 2409 secunda
752 2346 823 2410 acie
849 2345 997 2428 legiones
1028 2346 1179 2424 locatae;
1212 2348 1283 2410 dux
1313 2346 1377 2408 sibi

173 2444 321 2510 delectos
339 2446 521 2510 retinuerat
538 2445 581 2509 ad
601 2445 777 2529 inprovisa.
831 2444 946 2510 Civilis
965 2445 1054 2509 haud
1074 2455 1225 2528 porrecto
1243 2445 1379 2527 agmine

173 2546 232 2610 sed
262 2547 376 2611 cuneis
406 2546 544 2611 adstitit
597 2545 717 2610 Batavi
748 2545 963 2629 Gugemique
989 2546 1022 2610 in
1050 2547 1194 2625 dextro;
1219 2544 1313 2610 laeva
1339 2565 1379 2610 ac

132 2647 330 2732 5propiora
362 2646 507 2713 fluminis
538 2646 787 2712 Transrhenani
818 2656 963 2713 tenuere.
1016 2646 1219 2713 Exhortatio
1253 2647 1377 2712 ducum

175 2769 242 2813 non
271 2769 363 2813 more
394 2749 560 2814 contionis
591 2748 680 2832 apud
710 2750 890 2828 universos,
919 2749 978 2812 sed
1006 2759 1043 2813 ut
1069 2768 1219 2832 quosque
1242 2767 1378 2813 suorum

174 2930 226 2964 non
233 2915 332 2979 galeam
341 2930 373 2965 ne
382 2923 452 2965 scuta
459 2913 636 2979 quidemierro
644 2929 752 2964 nervove
837 2926 875 2964 n.
896 2917 935 2964 ad
952 2917 1163 2965 maturandum
1180 2927 1313 2964 summae
1334 2916 1380 2963 ret

175 2978 281 3039 firmata,
294 2978 471 3029 sedvimiuum
485 2987 567 3029 textus
577 2979 618 3028 vel
629 2986 716 3028 tenues
727 2986 752 3028 et
801 2980 958 3028 discrimen
979 2983 1080 3028 erexit.
1119 2978 1245 3028 “Roused
1262 2979 1331 3027 them
1351 2986 1380 3026 to

174 3042 270 3094 fucatas
280 3044 364 3094 colore
375 3042 500 3093 tabulun”
801 3041 889 3092 hasten
901 3043 1081 3093 onadecisive
1098 3041 1289 3108 engagement.”
1321 3041 1379 3092 The

207 3112 248 3158 15.
277 3120 300 3171 3.
330 3111 409 3158 notis
431 3112 516 3159 vadis
536 3111 750 3167 persultabant.
802 3107 892 3171 phrase
908 3117 1020 3157 summac
1037 3109 1076 3157 ηε·
1085 3106 1380 3172 discrimmisrepeated

178 3172 330 3224 ‘'Skimmed
348 3173 533 3251 ‘lightlyover
546 3173 589 3223 the
610 3171 706 3222 suriace
727 3170 757 3221 oi
802 3172 876 3250 rhun.
898 3171 923 3221 ii.
957 3185 996 3232 ιι,
1021 3174 1040 3199 ‘⁸
1048 3173 1187 3239 propinquo
1208 3187 1320 3222 minimae
1342 3170 1380 3224 rei

176 3254 298 3316 morassea
324 3239 384 3288 with
409 3237 492 3288 which
521 3237 580 3316 they
606 3252 671 3288 were
696 3236 754 3315 well
803 3236 972 3287 discnmme.”

175 3303 353 3370 acquainted.”
386 3305 531 3355 Persultarc
552 3319 574 3354 is
595 3319 611 3354 a
633 3302 754 3353 iavounte
840 3316 876 3365 ¹4.
896 3306 976 3362 apud
992 3307 1135 3355 barbaros
1150 3308 1240 3354 cantu
1253 3308 1307 3354 aut
1321 3306 1380 3354 ola·

175 3370 245 3420 word
263 3370 323 3420 with
340 3369 450 3421 Tacitus
489 3370 531 3420 He
548 3385 604 3420 uses
620 3368 648 3430 it,
662 3368 700 3420 ior
716 3368 753 3419 in·
804 3383 894 3429 more,
918 3373 1028 3420 nocuis
1049 3384 1102 3429 per
1126 3373 1198 3420 tram
1220 3373 1251 3420 et
1272 3371 1377 3420 minu.

175 3443 269 3496 stance,
283 3437 350 3486 Anu.
370 3435 403 3487 iv.
422 3447 472 3498 473
489 3436 539 3485 and
556 3435 583 3486 in
596 3437 666 3485 Ano.
680 3434 713 3485 xi.
727 3447 752 3498 9,
804 3434 861 3485 The
877 3435 970 3485 double
990 3435 1087 3501 change
1103 3435 1165 3486 irum
1181 3435 1253 3500 apud
1263 3434 1381 3484 urtam

177 3501 304 3550 “Hibero
315 3501 424 3551 exercitu
435 3517 538 3566 campos
550 3499 729 3567 persultantc.''
805 3507 832 3551 to
851 3502 951 3560 nostri's,
965 3501 1015 3550 and
1035 3501 1098 3550 hom
1118 3506 1192 3550 cantu
1211 3506 1258 3549 aui
1274 3501 1382 3551 clanim

209 3575 231 3643 5.
259 3571 295 3615 ut
316 3570 347 3615 ln
368 3570 497 3624 pedestri
517 3568 587 3615 aole.
631 3565 755 3615 Pedestn's
805 3563 1297 3630 toperiramctnre'nasisnoteivorthy.

175 3645 239 3680 acus
266 3629 287 3680 is
314 3630 374 3680 here
401 3630 543 3680 contrasted
569 3629 630 3680 with
653 3629 754 3679 navalis
837 3635 877 3679 lo
899 3643 922 3679 2.
941 3633 1068 3679 nontam
1091 3634 1196 3688 explet.
1242 3627 1382 3694 Expiet:

170 3702 270 3760 pugna,
283 3710 311 3744 as
327 3695 353 3744 in
372 3695 444 3744 Caes.
461 3695 488 3744 B.
504 3693 536 3744 G.
551 3693 585 3744 iil.
600 3707 617 3757 9
634 3710 672 3744 we
690 3694 755 3744 have
803 3693 863 3744 herc
874 3695 934 3744 used
946 3694 1042 3744 instead
1056 3694 1186 3760 orfimae,
1199 3693 1281 3744 which
1293 3707 1381 3744 occurs

170 3759 297 3824 pedestria
314 3760 408 3809 itinera
425 3759 566 3809 contrasted
579 3757 640 3809 with
657 3758 699 3809 the
711 3774 755 3808 use
804 3758 831 3809 in
841 3759 940 3808 Anni.
956 3770 995 3823 51,
1008 3758 1058 3808 and
1070 3761 1117 3824 Ag.
1132 3768 1172 3822 35.

175 3823 206 3874 oi
220 3824 297 3888 ships.
341 3829 505 3875 comminus
527 3828 642 3875 eminus
661 3829 754 3874 certa
836 3839 860 3886 4
880 3827 1045 3874 sedeunels
1052 3827 1174 3874 adsunt.
1198 3822 1326 3900 vegetius,
1335 3821 1381 3872 the

176 3892 273 3939 batur.
308 3887 371 3938 This
388 3889 410 3938 is
427 3887 589 3939 Gronovius‘s
606 3889 753 3948 correction,
804 3890 886 3939 writer
897 3904 931 3938 on
943 3889 1043 3938 Roman
1054 3888 1147 3949 mulce,
1161 3889 1274 3965 explains
1285 3903 1381 3937 cuneus

176 3953 295 4030 accepted
308 3953 441 4018 byOrelli,
453 3953 482 4003 oi
496 3953 540 4003 the
555 3954 659 4020 reading
670 3953 699 4004 ol
714 3954 751 4004 M.
804 3970 832 4005 as
854 3970 910 4004 aw
959 3954 1087 4020 e·shaped
1102 3953 1244 4030 formation,
1262 3953 1324 4003 used
1341 3951 1381 4002 for

176 4033 314 4067 comnunus
323 4020 409 4067 minus
419 4019 567 4095 certabatur.
590 4019 654 4110 ‘'‘fhe
665 4019 755 4096 phrase
804 4018 925 4097 breaking
936 4028 946 4068 t
965 4034 979 4069 c
990 4019 1098 4096 enemp's
1109 4020 1175 4096 bne..
1198 4019 1247 4068 But
1258 4018 1318 4068 here
1328 4017 1381 4067 aud

176 4081 755 4204 Biln¹tziitt¹¹i²hn⁴nnttll³
804 4100 831 4203 l‘
845 4084 1057 4217 ilium
1072 4083 1380 4208 mimi}

179 4210 301 4269 Heraeus,
314 4211 439 4288 however,
452 4212 593 4289 holds'that
608 4212 651 4262 the
669 4213 756 4261 minus
804 4228 885 4290 seems
895 4213 957 4262 used
969 4214 995 4262 in
1006 4229 1022 4262 a
1037 4212 1111 4262 wider
1124 4212 1236 4290 sense-of
1245 4211 1380 4289 sonnatiou

176 4275 755 4406 lisiniiiiiliuf‘llllthl‘tl‘i
804 4278 999 4392 iiilimh‘}
1013 4276 1385 4392 hinnibili-tlt

177 4356 323 4468 altogether.
705 4471 723 4497 u
805 4421 917 4466 manner,
929 4405 1175 4483 forwhiohinother
1183 4407 1267 4470 places
1277 4405 1381 4456 Tacitus

177 4468 672 4610 anss'sgtqatllignffibfloofflbgb·
681 4469 760 4598 Livvg,f
805 4486 861 4595 usi:
872 4471 1076 4593 lgm&
1083 4479 1154 4584 pliror
1165 4535 1215 4585 this
1226 4536 1325 4601 peoplc,
1338 4549 1382 4585 see

178 4598 236 4646 xliv.
249 4608 272 4662 5,
286 4600 427 4648 “stabilem
439 4599 471 4648 ad
483 4599 647 4649 insistendum
659 4609 756 4648 nanctis
805 4600 894 4658 above,
908 4600 940 4649 iv.
955 4600 995 4658 26,
1009 4608 1066 4648 note
1077 4615 1111 4648 on
1123 4600 1173 4649 line
1187 4611 1224 4713 ¹{'

178 4661 287 4712 locum.'’
839 4674 862 4728 5.
887 4668 1108 4724 Transrhenani,
1131 4666 1172 4716 ele.
1196 4673 1204 4713 t
1224 4681 1239 4713 e
1259 4663 1380 4724 Bructeri,

177 4740 252 4857 ...133
262 4731 301 4842 ἒῗ
300 4732 424 4842 diff?
441 4731 564 4788 ‘m‘
584 4729 626 4779 ‘²‘
646 4734 673 4778 ¹⁰
692 4727 756 4778 ‘¹¹⁸³‘
805 4728 1382 4852 l‘t⁰¹‘.1¹i²ti.⁰.¹li‘:‘i‘...i.³....i.
