3164 5348
186 678 245 736 444
424 675 650 738 CORNELII
672 675 727 735 ΤΑ
734 668 831 736 CITI
849 675 1181 736 HISTORIARUM

187 853 331 918 militurn
351 853 505 917 manibus
522 863 581 918 aut
598 851 745 917 hostium
767 853 955 919 ceciderint
1009 853 1240 930 Ite,'·nuntiate
1263 851 1393 935 Vespa·

125 976 164 1017 20
186 955 282 1017 siano
307 952 370 1030 vel,
387 954 478 1037 quod
505 955 641 1038 propius
667 962 727 1031 est,
745 952 843 1019 Civili
862 963 895 1017 et
914 953 1072 1030 Classico,
1090 950 1241 1017 relictum
1259 972 1280 1015 a
1297 952 1393 1016 vobis

188 1055 221 1118 in
240 1055 311 1117 acie
328 1056 457 1119 ducem.
510 1053 657 1117 Venient
675 1053 823 1136 legiones
835 1073 923 1136 quae
934 1073 1042 1136 neque
1055 1073 1109 1116 me
1124 1053 1266 1117 inultum
1285 1054 1396 1135 neque
1426 1116 1434 1131 ‚

187 1173 248 1218 vos
267 1154 449 1237 impunitos
467 1152 662 1235 patiantur.''
751 1203 753 1207 .
825 1158 828 1162 ’

212 1261 214 1266 ’
266 1255 323 1332 78.
350 1252 441 1316 Vera
466 1262 569 1329 erant,
587 1262 622 1317 et
648 1273 668 1316 a
694 1252 836 1317 tribunis
861 1251 1103 1335 praefectisque
1127 1255 1245 1316 eadem
1267 1253 1395 1334 ingere·

189 1352 317 1416 bantur.
372 1352 568 1417 Consistunt
594 1373 654 1435 per
678 1352 833 1416 cohortes
858 1361 892 1415 et
923 1351 1133 1434 manipulos:
1167 1357 1276 1434 neque
1305 1352 1395 1415 enirn

189 1461 322 1534 poterat
349 1461 520 1534 patescere
541 1453 629 1515 acies
660 1450 767 1515 effuso
797 1450 894 1515 hoste
911 1461 945 1515 et
964 1451 1223 1533 impedientibus
1244 1451 1396 1516 tentoriis

189 1552 402 1634 sarcinisque,
420 1570 496 1615 cum
516 1552 603 1615 intra
624 1550 749 1615 vallum
771 1555 983 1633 pugnaretur.
1034 1550 1143 1615 Tutor
1167 1559 1206 1622 et,
1228 1550 1396 1617 Classicus

148 1670 164 1733 5
189 1661 223 1717 et
242 1651 366 1730 Civilis,
385 1652 453 1716 suis
479 1652 620 1737 quisque
647 1651 735 1727 locis,
754 1671 902 1736 pugnam
927 1651 1068 1728 ciebant,
1087 1650 1203 1716 Gallos
1221 1672 1282 1736 pro
1300 1651 1397 1717 liber·

190 1763 270 1832 tate,
289 1754 435 1818 Batavos
453 1773 514 1838 pro
531 1752 646 1837 gloria,
664 1753 851 1818 Germanos
869 1754 912 1818 ad
931 1754 1090 1837 praedam
1109 1754 1315 1837 instigantes
1351 1752 1398 1818 Et

190 1864 312 1920 cuncta
330 1877 391 1939 pro
409 1856 562 1921 hostibus
579 1865 684 1936 erant,
700 1856 808 1921 donec
826 1854 915 1938 legio
932 1857 1194 1922 unaetvicesima
1210 1855 1398 1940 patentiore

190 1977 294 2040 quam
320 1967 451 2022 ceterae
469 1959 580 2040 spatio
597 1957 799 2040 conglobata
818 1958 976 2022 sustinuit
994 1967 1135 2036 ruentes,
1154 1977 1237 2021 mox
1256 1956 1397 2041 impulit

193 2058 265 2121 Nec
283 2058 355 2122 sine
373 2078 436 2141 ope
455 2058 569 2123 divina
587 2059 724 2122 mutatis
742 2067 878 2140 repente
895 2058 1015 2121 animis
1042 2068 1135 2140 terga
1161 2059 1303 2122 victores
1328 2078 1401 2121 ver-

131 2179 168 2218 ro
192 2164 268 2222 tere
323 2157 393 2240 Ipsi
420 2159 553 2222 territos
579 2178 615 2221 se
641 2159 985 2240 cohortium-aspectu
1011 2158 1170 2235 serebant,
1187 2177 1273 2240 quae
1291 2158 1400 2240 primo

191 2259 318 2340 impetu
332 2259 491 2323 disiectae
508 2259 647 2322 summis
665 2278 776 2322 rursus
794 2258 879 2340 iugis
897 2258 1186 2340 congregabantur
1203 2277 1242 2320 ac
1255 2258 1401 2341 speciem

192 2358 270 2421 novi
297 2357 413 2420 auxilii
441 2357 594 2421 fecerant.
617 2437 619 2441 ,
648 2356 716 2422 Sed
743 2358 874 2421 obstitit
904 2356 1113 2420 vincentibus
1148 2375 1287 2438 pravom
1315 2358 1402 2420 inter

193 2456 283 2538 ipsos
309 2465 487 2534 certamen,
509 2457 634 2519 omisso
660 2456 765 2534 hoste,
792 2455 900 2539 spolia
926 2457 1149 2520 consectandi
1199 2454 1337 2520 Cerialis
1362 2467 1402 2520 ut

193 2555 319 2619 incuria
345 2576 448 2638 prope
475 2576 545 2619 rem
572 2554 702 2632 afflixit,
721 2557 768 2619 ita
794 2557 984 2620 constantia
1009 2556 1175 2635 restituit;
1201 2563 1401 2638 secutusque

134 2674 168 2735 ¹5
193 2655 361 2720 fortunam
373 2666 489 2720 'castra
506 2654 655 2720 hostiurn
674 2659 793 2721 eodem
811 2657 866 2721 die
884 2657 974 2738 capit
991 2656 1232 2738 exscinditque.

198 2810 201 2819 .
273 2771 328 2836 79.
358 2756 429 2820 Nec
448 2758 481 2820 in
500 2758 638 2840 longum
665 2758 760 2840 quies
787 2755 884 2820 militi
915 2759 1002 2821 data
1056 2755 1209 2821 Orabant
1235 2755 1400 2820 auxilium

197 2856 470 2938 Agrippinenses
502 2855 753 2939 offerebantque
782 2876 924 2921 uxorem
960 2875 1000 2919 ac
1034 2875 1180 2919 sororem
1217 2855 1331 2921 Civilis
1365 2864 1402 2920 et

197 2953 300 3017 filiam
329 2953 475 3031 Classici,
494 2954 607 3018 relicta
638 2955 700 3018 sibi
732 2956 872 3037 pignora
902 2955 1078 3017 societatis.
1131 2954 1246 3036 Atque
1268 2955 1400 3017 interim

197 3055 366 3135 dispersos
384 3055 416 3117 in
435 3053 592 3119 domibus
618 3054 805 3118 Germanos
829 3053 1098 3130 trucidaverant;
1123 3054 1214 3117 unde
1240 3063 1349 3117 metus
1367 3062 1401 3118 et
1421 3059 1425 3067 '

157 3173 172 3234 5
197 3155 304 3219 iustae
322 3174 436 3238 preces
454 3155 690 3233 invocantium,
708 3164 888 3239 antequam
907 3153 1020 3219 hostes
1039 3155 1198 3237 reparatis
1216 3154 1339 3219 viribus
1356 3155 1401 3220 ad

196 3276 291 3342 spem
311 3255 362 3321 vel
389 3257 431 3321 ad
459 3256 621 3322 ultionem
649 3258 906 3342 accingerentur.
961 3257 1117 3340 Namque
1134 3263 1168 3322 et
1187 3255 1302 3323 Civilis
1324 3255 1402 3321 illuc

196 3360 393 3435 intenderat,
413 3380 480 3424 non
508 3359 681 3438 invalidus,
699 3360 957 3445 flagrantissima
979 3347 1166 3424 cohortium
1193 3379 1327 3424 suarum
1352 3357 1403 3423 in·

232 3530 268 3580 19·
288 3521 648 3577 itanunttsto—rellotum
658 3523 772 3569 duosrru
863 3531 899 3568 12.
919 3521 1300 3570 sadobstltltvlnosnttbus.
1327 3517 1405 3569 “But

197 3583 313 3633 Plutarch
333 3583 407 3642 (Sull.
434 3594 474 3642 ar,
496 3584 523 3696 {l
547 3583 634 3633 makes
657 3583 727 3635 Sulla
748 3592 775 3633 at
826 3583 899 3632 when
916 3599 950 3632 ou
967 3583 1010 3632 the
1027 3583 1096 3647 point
1114 3583 1143 3632 oi
1155 3583 1251 3647 victory
1268 3583 1327 3646 they
1338 3598 1405 3634 were

196 3647 370 3696 Orchomenus
383 3647 486 3696 address
515 3647 775 3712 istroopsinsimilar
825 3647 946 3697 hindered
957 3646 1018 3711 by.’'
1057 3647 1406 3698 Wncenn'lmsbasthesame

197 3719 281 3770 terms,
307 3713 370 3770 ὑμεῖς
399 3713 425 3760 n
453 3712 502 3761 reis
530 3714 702 3771 τυθανομέναι
727 3714 775 3761 τοῦ
825 3727 897 3762 sense
914 3727 942 3762 as
959 3714 1061 3761 vr'ctores
1078 3713 1166 3761 above.
1208 3712 1260 3761 Sed
1273 3711 1343 3776 gives
1360 3712 1405 3763 the

195 3777 383 3837 rapadeddnrere
394 3777 436 3823 τὸν
447 3777 618 3839 αὐτοκράτορα,
629 3778 774 3836 nemiuem
826 3784 880 3825 true
891 3791 979 3826 reason
991 3775 1019 3824 ol
1028 3776 1092 3825 their
1103 3776 1193 3825 deleat.

196 3842 304 3903 φράζειν,
319 3841 348 3890 ὥς
361 3839 544 3903 ἐνὈρχομένῳ.
857 3842 903 3890 '79.
943 3854 963 3890 1.
982 3844 1151 3898 lnlonssum.
1187 3839 1290 3890 Tacitus
1306 3839 1328 3890 ls
1343 3839 1405 3891 lond

228 3908 273 3955 78.
314 3918 333 3955 ι.
353 3909 569 3963 incessuntur.
619 3905 721 3955 “Were
738 3921 774 3955 re·
826 3904 855 3955 ol
868 3906 938 3955 these
954 3906 1081 3955 adverbial
1099 3905 1176 3955 forms
1192 3906 1253 3955 with
1272 3907 1319 3966 in3
1335 3905 1362 3956 in
1379 3923 1402 3958 c.

197 3969 314 4035 peatedly
330 3969 446 4019 enlorced
457 3969 481 4029 ;’'
498 3972 566 4020 Ann.
580 3970 613 4020 iv.
628 3984 669 4032 42,
685 3973 775 4035 “quae
826 3984 858 4020 aa
866 3986 905 4019 we
916 3970 980 4020 bave
991 3972 1049 4020 read
1064 3972 1154 4035 “quae
1170 3970 1197 4020 in
1214 3972 1315 4036 longum
1332 3971 1405 4022 suile·

215 4035 342 4121 letumque
353 4049 427 4085 verae
438 4045 462 4085 et
474 4051 562 4100 grava
578 4051 663 4085 coram
680 4035 774 4100 ingere·
825 4036 915 4085 cissent
925 4034 949 4094 ;”
976 4036 1026 4084 and
1060 4037 1127 4085 Ann.
1158 4035 1174 4085 i.
1204 4036 1246 4098 69,
1272 4035 1357 4085 “odia
1379 4037 1405 4086 in

230 4106 293 4148 ntur.
826 4101 927 4165 longum
940 4099 1058 4150 iaciens.”

229 4177 251 4212 a.
271 4168 694 4223 peroohorteeetmanlpuloe.
726 4166 778 4214 Per
857 4178 881 4225 4.
901 4170 932 4213 et
953 4168 1049 4214 iustas
1071 4178 1174 4222 prsoas
1195 4168 1402 4216 mvmtlum.

196 4227 217 4277 is
239 4228 299 4276 used
322 4228 456 4277 elsewhere
479 4236 505 4277 to
526 4229 583 4293 give
606 4230 649 4278 the
668 4229 722 4278 unit
742 4227 780 4278 on'
826 4229 911 4278 [ustas
917 4237 1009 4292 preces,
1022 4228 1225 4278 “well-founded
1239 4245 1337 4294 prayers
1345 4229 1360 4252 ”
1371 4246 1405 4280 on

122 4309 126 4316 ’
197 4292 278 4341 which
301 4292 344 4341 the
367 4292 500 4342 formation
520 4294 610 4353 rasted,
629 4309 676 4358 ag.
697 4294 729 4344 G.
748 4295 774 4354 6,
826 4294 891 4344 their
911 4303 965 4358 part
985 4310 1013 4344 as
1035 4294 1094 4358 they
1114 4310 1229 4343 summon
1251 4293 1356 4345 Cerialis
1379 4304 1406 4345 to

199 4359 216 4383 ‘⁶
225 4357 290 4406 acies
302 4373 346 4421 per
357 4373 449 4407 cuneos
460 4358 624 4422 componitur.
629 4357 644 4380 ’'
826 4358 890 4407 their
900 4358 950 4407 aid.

229 4420 252 4470 8.
273 4425 414 4470 sustinuit
429 4428 557 4471 ruentes.
605 4422 774 4471 “Withstood
859 4422 882 4470 6.
902 4425 1406 4480 uruotncenasmt—flsoranussims

197 4485 260 4534 their
271 4493 342 4533 onset
353 4484 412 4543 ;”A
431 4495 488 4548 ,35,
499 4486 656 4536 “instinctos
666 4495 774 4536 ruentes·
825 4489 980 4544 -iutem
995 4488 1061 4536 Illuc
1073 4486 1110 4535 lor
1122 4489 1151 4535 in
1159 4488 1223 4536 illos.
1260 4487 1407 4536 Intendere!

196 4565 246 4614 que
258 4550 343 4613 (ready
354 4549 392 4598 ior
404 4502 446 4599 tle
457 4553 540 4610 onset)
552 4551 587 4600 ita
597 4550 746 4615 disposuit.’'
826 4551 863 4599 lor
881 4551 1022 4600 ιἠτικιίινυὶ
1041 4553 1176 4611 cesimum
1194 4551 1225 4601 cl.
1243 4553 1311 4601 Ann.
1332 4551 1358 4601 ii.
1378 4552 1404 4610 6,

229 4627 253 4676 9.
273 4628 327 4663 nac
349 4619 412 4664 stne
434 4629 489 4672 ope
507 4619 613 4666 divina
658 4616 693 4666 So
712 4617 772 4666 Sall.
829 4616 929 4680 “igitur
964 4616 1013 4665 huc
1049 4616 1156 4665 intendit
1193 4615 1407 4677 (Germanicus).”

199 4678 266 4729 Hist.
282 4679 323 4728 Fr.
335 4679 350 4728 i.
360 4689 402 4742 97,
414 4682 466 4728 “ut
479 4688 548 4729 tanta
559 4688 662 4745 repente
671 4681 776 4730 mutatio
827 4681 1048 4744 Flagrantissima,
1063 4684 1081 4707 “
1090 4683 1132 4731 the
1143 4689 1208 4730 most
1217 4682 1313 4731 ardent.
1318 4681 1332 4704 ”
1361 4683 1409 4732 In·

198 4759 248 4793 non
264 4744 317 4794 sine
333 4745 382 4794 deo
398 4743 550 4796 videretur.”
582 4759 616 4796 se
631 4749 772 4796 nubant.
825 4753 904 4810 tegra,
920 4745 1046 4805 “iresh;”
1064 4745 1082 4796 it
1100 4746 1150 4796 had
1163 4747 1239 4796 taken
1256 4762 1290 4796 no
1307 4747 1408 4812 partin

200 4808 585 4874 “Representedthemselves.”
827 4811 871 4860 tbe
881 4810 997 4876 previous
1008 4810 1078 4876 light.
