3164 5348
198 601 257 661 888
432 601 659 663 CORNELII
679 601 840 662 TACITI
856 598 1189 661 HISwRJARUM

198 775 297 839 rebus
331 776 486 840 secundis
522 775 623 840 nimii.
676 773 744 841 Sed
783 784 855 840 turn
890 776 1034 858 praedae
1068 773 1225 857 cupidine
1258 772 1399 837 adversa

197 896 330 959 quoque
348 875 542 941 tolerabant
597 875 771 942 Machinas
789 877 900 953 etiam,
918 874 1088 939 insolitum
1107 873 1179 951 sibi,
1192 873 1271 939 ausi.
1324 873 1398 937 Nec

139 996 172 1056 15
199 977 267 1042 ulla
312 977 392 1061 ipsis
433 977 599 1042 sollertia:
643 976 802 1061 perfugae
844 977 1034 1060 captivique
1071 974 1239 1040 docebant
1272 982 1399 1039 struere
1444 1043 1452 1056 ,

200 1079 356 1142 materias
380 1078 414 1142 in
442 1080 579 1143 modum
604 1079 725 1162 pontis,
743 1098 825 1143 mox
857 1077 1013 1142 subiectis
1040 1077 1121 1141 rotis
1148 1074 1338 1160 propellere,
1360 1084 1399 1141 ut

199 1179 254 1243 alii
273 1188 498 1264 superstantes
526 1189 698 1263 tamquam
727 1200 772 1243 ex
800 1199 921 1263 aggere
947 1178 1194 1263 praeliarentur,
1212 1198 1288 1261 pars
1310 1177 1400 1242 intus

199 1281 319 1346 occulti
338 1300 449 1345 muros
466 1280 670 1346 subruerent.
722 1280 791 1346 Sed
817 1300 960 1345 excussa
983 1272 1126 1343 ballistis
1152 1299 1237 1343 saxa
1254 1287 1401 1343 stravere

200 1381 339 1445 informe
372 1401 465 1464 opus.
519 1380 565 1444 Et
599 1389 705 1445 crates
735 1382 914 1463 vineasque
972 1379 1141 1444 arantibus
1168 1381 1307 1444 adactae
1333 1389 1400 1442 tor·

138 1501 175 1541 20
200 1481 320 1545 mentis
355 1482 509 1545 ardentes
544 1480 669 1559 hastae,
704 1481 857 1564 ultroque
861 1282 982 1645 ys?
989 1481 1236 1562 obpugnatores
1267 1479 1401 1561 ignibus

167 1580 407 1663 ⁸petebantur,
425 1582 533 1645 donec
558 1581 735 1664 desperata
760 1581 792 1645 vi
819 1600 860 1645 ve
892 1588 984 1644 erent
1010 1580 1184 1643 consilium
1212 1580 1254 1644 ad
1282 1597 1401 1653 moras,

199 1681 288 1746 haud
324 1681 429 1765 ignari
465 1701 645 1765 paucorum
680 1682 807 1747 dierum
845 1682 952 1745 inesse
979 1679 1139 1745 alimenta
1181 1688 1215 1745 et
1258 1678 1400 1743 multum

199 1781 329 1846 inbellis
356 1782 480 1846 turbae
533 1782 641 1848 Simul
660 1802 704 1846 ex
722 1783 835 1866 inopia
861 1782 1006 1866 proditio
1024 1790 1058 1846 et
1075 1781 1169 1846 fluxa
1192 1780 1399 1846 servitiorum

200 1881 283 1947 fides
301 1903 340 1947 ac
358 1883 494 1948 sortuita
512 1883 589 1948 belli
608 1883 833 1967 sperabantur.

278 2000 332 2065 24.
361 1983 500 2048 Flaccus
514 1984 644 2049 interim
663 1986 798 2066 cognito
811 1993 993 2048 castrorum
1012 1983 1151 2057 obsidio,
1165 1991 1199 2047 et
1216 1982 1325 2046 missis
1343 2002 1402 2064 per

200 2082 327 2148 Gallias
344 2085 401 2167 qui
420 2085 547 2150 auxilia
563 2085 741 2161 concirent,
760 2086 895 2149 lectose
916 2083 1102 2167 legionibus
1129 2083 1233 2147 Dillio
1250 2081 1401 2147 Voculae

200 2184 503 2250 duoetvicensimae
533 2185 673 2268 legionis
700 2185 812 2267 legato
838 2186 948 2260 tradit,
966 2195 1003 2249 ut
1029 2204 1130 2266 quam
1155 2183 1312 2247 maximis
1342 2202 1402 2264 per

200 2286 306 2367 ripam
321 2285 494 2348 itineribus
512 2285 679 2361 celeraret,
693 2285 764 2368 ipse
777 2294 891 2349 vectus
910 2284 1058 2360 navibus,
1073 2283 1238 2347 invalidus
1256 2301 1403 2365 corpore,

158 2401 174 2461 5
199 2383 322 2447 invisus
339 2384 507 2448 militibus.
561 2385 680 2467 Neque
706 2385 795 2447 enim
821 2383 978 2466 ambigue
996 2382 1182 2447 tremebant
1200 2383 1402 2445 “emissasa

201 2483 418 2567 Mogontiaco
446 2484 647 2549 Batavorum
675 2484 836 2563 cohortes,
860 2483 1086 2548 dissimulatos
1114 2481 1228 2548 Civilis
1254 2488 1403 2559 conatus,

200 2586 318 2650 adsciri
346 2586 379 2650 in
406 2586 600 2651 societatem
628 2585 821 2651 Germanos.
874 2586 952 2650 Non
985 2585 1085 2650 Primi
1117 2583 1259 2650 Antonii
1294 2602 1402 2668 neque

202 2687 348 2753 Muciani
384 2708 449 2773 ope
477 2687 724 2773 Vespasianum
760 2687 866 2772 magis
903 2687 1095 2754 adolevisse.
1160 2686 1291 2771 Aperta
1324 2686 1403 2751 odia

136 2852 139 2862 ,
201 2809 360 2873 armaque
395 2790 505 2873 palam
541 2789 684 2874 depelli:
718 2789 868 2854 fraudem
903 2799 937 2853 et
971 2788 1086 2853 dolum
1121 2788 1278 2852 obscura'
1296 2806 1403 2871 eoque

142 2916 178 2956 10
202 2889 414 2955 inevitabilia.
466 2888 606 2955 Civilem
624 2899 712 2954 stare
730 2900 854 2967 contra,
872 2900 998 2954 struere
1014 2889 1141 2954 aciem:
1170 2888 1402 2953 Hordeonium

203 2989 393 3055 ecubiculo
420 2998 455 3054 et
483 2989 605 3054 lectulo
640 2987 752 3055 iubere
786 2990 947 3073 quidquid
984 2990 1072 3054 hosti
1108 2989 1282 3053 conducat
1335 2987 1403 3052 Tot

203 3099 349 3155 armatas
376 3089 629 3155 fortissimorum
657 3091 800 3156 virorum
829 3109 947 3155 manus
974 3091 1071 3154 unius
1099 3090 1187 3154 senis
1212 3088 1403 3155 valetudine

239 3259 277 3310 19.
291 3250 583 3299 adactaatormentta
606 3248 777 3300 “Sbothome
831 3249 887 3311 aad,
913 3265 928 3299 a
958 3249 1118 3301 detarhmeut
1142 3264 1194 3300 tras
1223 3248 1349 3300 autioned
1377 3246 1404 3298 iu

204 3310 268 3362 from
288 3312 437 3379 catapults.”
478 3313 579 3374 Caesen
598 3313 659 3365 EG
680 3314 715 3364 iii.
736 3325 777 3380 51,
831 3315 924 3381 Egypt,
938 3331 961 3367 r.
979 3328 999 3366 1.

180 3380 260 3429 '“ut
279 3378 357 3429 telum
375 3386 500 3429 tormento
522 3378 624 3430 missum
641 3380 682 3431 ed'
702 3380 707 3392 '
728 3396 780 3431 non
862 3395 886 3444 4.
906 3386 1011 3431 vectus
1027 3384 1159 3432 navibus.
1194 3379 1258 3431 This
1272 3376 1406 3431 isllalm’s

279 3443 316 3493 t.’'
360 3444 416 3495 'l'be
444 3444 504 3508 long
525 3461 611 3510 spears
632 3446 685 3496 disc
731 3446 780 3510 ged
831 3445 1240 3497 correctionoiM.whichhassim
1259 3445 1402 3509 lynavr‘bus.

215 3524 269 3558 rom
285 3510 410 3573 catapulta
426 3524 492 3559 were
514 3510 600 3560 bound
622 3511 702 3560 round
719 3511 781 3561 with
832 3511 941 3562 Pichena
952 3510 1083 3576 suggested
1128 3511 1208 3561 mlius.
1269 3517 1360 3560 event
1371 3509 1406 3573 by

205 3582 256 3622 tow
267 3573 369 3636 steeped
381 3574 407 3622 in
423 3573 526 3637 sulphur
542 3574 593 3624 and
603 3574 645 3633 oil,
657 3575 709 3624 and
721 3575 781 3625 tben
830 3575 887 3640 sbip
905 3576 986 3639 partly
1003 3584 1029 3625 to
1046 3575 1119 3624 avoid
1137 3575 1180 3625 the
1197 3574 1302 3650 iatigues
1319 3572 1348 3624 oi
1361 3573 1405 3624 the

205 3645 287 3686 seton
305 3636 355 3687 lire.
392 3637 494 3687 Tacitus
511 3637 665 3703 throughout
681 3638 782 3689 intends
831 3640 925 3700 march,
932 3638 1163 3704 partly,as‘l'acitus
1169 3638 1290 3704 explarns,
1297 3637 1406 3701 through

205 3701 609 3752 tocontrasttheslrilloihisown
617 3711 781 3767 countrymeu
830 3703 974 3754 distrustol
987 3704 1027 3753 bis
1042 3719 1099 3753 own
1111 3703 1222 3754 soldiera
1260 3705 1405 3752 invalidus

372 3848 386 3881 e
414 3848 442 3881 ar
628 3848 649 3884 rs
665 3849 686 3883 rs
773 3861 781 3872 ·
880 3849 926 3885 .n
984 3848 1002 3884 a
1092 3848 1141 3884 em
1211 3847 1228 3883 a
1398 3869 1405 3884 .

205 3896 255 3961 ally
263 3912 322 3946 seen
333 3896 360 3947 in
371 3897 432 3947 such
442 3849 780 3965 pumainsormeffi,
830 3843 886 3950 'l'hse
897 3848 1012 3965 martian
1022 3915 1083 3964 goes
1094 3899 1155 3949 with
1168 3899 1211 3950 the
1222 3899 1322 3968 adverb.
1356 3898 1406 3948 For

207 3962 236 4011 in
247 3963 346 4010 mum
352 3964 446 4026 pontis,
459 3970 507 4012 etc.
831 3965 874 4015 the
884 3965 988 4029 charges
999 3965 1074 4014 made
1084 3965 1182 4029 against
1198 3964 1259 4024 him,
1273 3980 1314 4014 see
1325 3979 1347 4014 r„
1365 3975 1402 4025 19.

239 4038 278 4089 ²3·
299 4029 380 4076 fluxa
400 4031 586 4078 servitiorum
604 4030 685 4079 fidae.
728 4029 780 4078 “A
830 4033 936 4080 adsoffl
970 4034 1000 4079 tn
1034 4033 1205 4080 aoolstaoam
1238 4033 1406 4079 (somma

207 4091 332 4156 wavering
351 4091 378 4141 in
395 4091 438 4142 the
458 4092 552 4157 loyalty
568 4092 598 4142 oi
613 4093 657 4143 the
673 4091 780 4144 slaves.”
832 4095 924 4144 “That
937 4094 980 4144 tbe
992 4095 1115 4144 Germane
1130 4110 1173 4145 are
1184 4094 1260 4159 being
1271 4093 1366 4146 iuvited
1378 4101 1405 4143 to

207 4155 255 4206 See
288 4156 312 4204 it
348 4166 388 4219 75,
422 4156 540 4207 “fluxam
573 4173 617 4223 per
644 4157 781 4209 discordias
827 4160 882 4225 join
899 4159 967 4209 thel
1033 4159 1073 4210 e.’'
1106 4159 1162 4209 The
1178 4158 1283 4210 soldiers
1299 4158 1406 4222 thought

206 4220 313 4270 militum
342 4220 418 4270 fidem
451 4231 477 4271 et
510 4222 647 4288 periculum
672 4239 703 4273 ex
731 4224 780 4273 sin·
831 4225 885 4274 that
902 4224 945 4274 the
964 4233 1007 4274 out
1027 4224 1085 4274 real<
1103 4240 1154 4274 uas
1173 4232 1217 4288 got
1236 4239 1271 4288 up
1290 4223 1404 4273 between

240 4284 304 4341 lis;”
324 4285 357 4335 iii.
379 4285 420 4347 48,
443 4287 541 4348 “fluxa,
559 4296 586 4337 ut
603 4295 641 4338 est
658 4288 778 4350 barbaris,
831 4289 920 4340 Civilis
936 4289 987 4339 and
1008 4288 1171 4339 Hordeonius
1190 4289 1295 4338 Flaccus
1315 4287 1341 4338 in
1362 4287 1406 4338 the

224 4347 284 4398 de.¹’
831 4353 945 4402 luterests
973 4353 1002 4402 oi
1026 4354 1171 4418 Vespasian.
1218 4353 1322 4403 Tacitus
1348 4367 1406 4402 uses

240 4417 284 4462 24
308 4425 331 4463 2.
357 4417 450 4463 laotos
468 4428 485 4463 a
508 4418 783 4473 temonibus-duo·
830 4417 925 4466 adsciri
934 4417 1031 4467 instead
1043 4417 1072 4466 oi
1079 4418 1187 4466 adscisci.

207 4481 414 4528 artoamlmao
430 4482 552 4536 lectonts
568 4483 667 4537 leuato
682 4484 781 4530 tradit
863 4493 886 4543 9.
906 4495 1046 4539 meque
1062 4486 1159 4539 palam
1176 4484 1287 4540 <lapaut
1321 4479 1405 4530 There

208 4542 277 4591 Lecti
296 4559 309 4592 e
327 4544 464 4607 legrbm'bus
485 4560 527 4595 are
551 4546 661 4609 generall
701 4545 781 4596 called
830 4545 937 4597 issome
955 4547 1104 4612 temptation
1124 4554 1150 4596 to
1167 4547 1226 4597 take
1239 4547 1328 4610 palan:
1345 4544 1407 4595 with

207 4608 345 4659 vexillarii.
379 4609 452 4675 They
471 4625 537 4660 were
559 4610 636 4660 taken
655 4561 720 4661 gom
740 4611 782 4661 the
831 4628 904 4662 arma
927 4612 1010 4662 rather
1032 4612 1093 4662 than
1115 4611 1176 4661 with
1198 4612 1292 4676 depelli,
1317 4611 1406 4660 under·

207 4673 252 4734 ath
271 4673 321 4724 and
342 4673 399 4736 aad,
419 4675 482 4725 both
499 4676 528 4725 oi
544 4675 627 4725 which
647 4675 697 4726 bad
718 4676 783 4727 their
830 4677 949 4744 standing
966 4677 985 4727 it
1001 4693 1076 4726 arma
1094 4693 1156 4743 quac
1168 4679 1256 4742 palam
1272 4682 1341 4736 sunt,
1355 4675 1408 4725 like

208 4737 385 4805 beadquartera
406 4748 432 4790 at
451 4740 649 4806 Mogontiacum.
685 4740 723 4792 Oi
739 4741 783 4793 the
832 4743 998 4802 Iocacr‘rcum,
1011 4751 1058 4793 etc.
