3164 5348
208 598 266 659 292
442 601 669 663 CORNELII
692 600 747 659 TA
753 600 851 662 CITI
869 584 1197 661 HISTORIARUM

208 764 292 845 tium
311 783 423 865 potius
439 781 641 847 exercitibus
659 782 751 846 illum
766 767 917 859 furorem,
932 780 1023 844 illam
1036 779 1237 844 discordiam
1252 777 1413 842 inicerent

146 895 182 955 25
208 881 334 959 orabat,
351 882 459 946 donec
477 883 642 946 fatisceret
663 882 784 946 seditio
802 892 836 945 et
853 890 1007 945 extremo
1025 882 1091 943 iam
1110 881 1165 944 die
1182 899 1243 943 sua
1269 878 1413 962 quisque

208 982 241 1045 in
277 983 420 1047 tentoria
454 982 685 1047 dilaberentur.
740 981 909 1046 Proiectus
943 981 1061 1046 eadem
1098 989 1196 1045 nocte
1232 979 1413 1043 Flavianus

208 1082 315 1148 obviis
332 1084 531 1168 Vespasiani
550 1083 667 1148 litteris
684 1083 866 1149 discrimini
885 1092 1064 1167 exemptus
1082 1090 1141 1147 est

290 1202 342 1251 11.
370 1185 544 1269 Legiones,
574 1185 667 1250 velut
694 1185 772 1249 tabe
803 1184 953 1262 iniectae,
984 1184 1158 1268 Aponium
1191 1181 1409 1248 Saturninum

209 1284 347 1350 Moesici
365 1287 531 1351 exercitus
549 1284 697 1370 legatum
721 1305 762 1351 eo
788 1286 931 1350 atrocius
954 1286 1203 1368 adgrediuntur,
1220 1283 1311 1368 quod
1333 1302 1411 1361 non,

208 1394 244 1449 ut
262 1387 360 1468 prius,
378 1387 491 1452 labore
508 1398 543 1451 et
560 1407 660 1471 opere
679 1387 792 1464 fessae,
810 1388 868 1451 sed
894 1387 1005 1450 medio
1032 1386 1103 1450 diei
1121 1392 1323 1460 exarserant,
1340 1382 1411 1447 vol·

207 1486 295 1567 gatis
322 1487 472 1569 epistulis
498 1506 582 1569 quas
610 1486 809 1551 Saturninus
835 1488 877 1549 ad
900 1486 1075 1550 Vitellium
1102 1485 1272 1568 scripsisse
1298 1484 1410 1546 crede·

165 1598 182 1659 5
207 1584 313 1650 batur.
366 1587 416 1651 Ut
444 1586 524 1650 olim
556 1587 688 1650 virtutis
723 1587 981 1668 modestiaeque,
1013 1595 1093 1649 tunc
1128 1584 1340 1668 procacitatis
1375 1589 1411 1646 et

207 1685 413 1766 petulantiae
439 1695 607 1750 certamen
633 1693 714 1763 erat,
732 1705 774 1749 ne
800 1687 910 1749 minus
928 1685 1090 1749 violenter
1107 1684 1281 1767 Aponium
1308 1700 1409 1764 quam

208 1784 405 1849 Flavianum
440 1789 483 1850 ad
527 1786 726 1869 supplicium
770 1785 995 1868 deposcerent.
1065 1783 1200 1868 Quippe
1242 1782 1412 1847 Moesicae

207 1885 355 1969 legiones
383 1887 532 1951 adiutam
563 1907 583 1950 a
614 1907 649 1951 se
681 1887 947 1951 Pannonicorum
979 1884 1141 1950 ultionem
1173 1883 1358 1961 relerentes,
1376 1891 1411 1947 et

208 1985 398 2067 Pannonici,
416 1990 507 2053 velut
524 1988 773 2052 absolverentur
790 1988 929 2051 aliorum
949 1987 1122 2062 seditione,
1141 1987 1259 2050 iterare
1276 1985 1409 2068 culpam

147 2112 183 2151 10
207 2088 407 2171 gaudebant
464 2090 502 2153 In
539 2090 662 2166 hortos,
698 2089 731 2152 in
766 2089 889 2172 quibus
925 2087 1161 2153 devertebatur
1198 2085 1409 2162 Saturninus,

206 2199 357 2272 pergunt.
410 2191 482 2254 Nec
507 2199 575 2254 tam
604 2191 734 2255 Primus
759 2201 794 2254 et
819 2190 1020 2273 Aponianus
1047 2200 1081 2254 et
1107 2188 1274 2279 Messalla,
1292 2206 1409 2270 quam·

205 2310 307 2371 quam
325 2291 417 2354 omni
446 2292 548 2355 modo
576 2291 647 2366 nisi,
666 2291 813 2372 eripuere
842 2290 1070 2366 Saturninum,
1096 2309 1197 2371 quam
1225 2288 1410 2351 obscuritas

206 2389 406 2453 latebrarum
442 2390 563 2472 quibus
598 2389 820 2468 occulebatur,
853 2391 1044 2453 vacantium
1087 2389 1172 2453 sorte
1214 2387 1408 2452 balnearum

206 2489 394 2554 fornacibus
413 2491 554 2554 abditus.
608 2491 694 2553 Mox
712 2490 844 2554 omissis
862 2489 1032 2554 lictoribus
1048 2489 1222 2553 Patavium
1237 2487 1409 2551 concessit.

146 2609 181 2669 15
208 2589 366 2674 Digressu
385 2590 608 2655 consularium
627 2591 684 2655 uni
702 2590 855 2655 Antonio
872 2591 922 2655 vis
948 2611 988 2653 ac
1012 2598 1162 2672 potestas
1180 2590 1212 2652 in
1232 2597 1410 2670 utrumque

206 2692 391 2755 exercitum
410 2692 481 2769 suit,
498 2691 694 2756 cedentibus
721 2691 858 2773 collegis
884 2700 918 2755 et
944 2690 1092 2754 obversis
1119 2690 1262 2753 militum
1282 2688 1424 2752 studiis.⁴

208 2789 280 2853 Nec
297 2793 435 2854 deerant
452 2793 509 2873 qui
528 2792 700 2855 crederent
717 2800 892 2873 utramque
910 2791 1109 2854 seditionem
1134 2790 1249 2853 fraude
1266 2787 1410 2852 Antonii

207 2897 371 2971 coeptam,
388 2899 426 2954 ut
444 2891 534 2953 solus
551 2890 640 2953 bello
658 2890 826 2970 frueretur,
1275 2898 1293 2942 ἢ

290 3006 342 3054 12.
370 2990 423 3055 Ne
442 2991 475 3054 in
494 2989 621 3081 Vitellii
648 2990 783 3074 quidem
811 2989 962 3074 partibus
987 2989 1121 3072 quietae
1141 2997 1270 3053 mentes
1288 2986 1410 3051 exitio-

208 3090 294 3154 siore
324 3091 498 3169 discordia,
532 3111 599 3155 non
630 3091 872 3175 suspicionibus
898 3090 988 3174 volgi
1019 3090 1077 3154 sed
1110 3088 1247 3173 perfidia
1278 3090 1411 3164 ducum,

209 3192 436 3258 turbabantur.
490 3192 637 3258 Lucilius
673 3192 796 3258 Bassus
832 3191 946 3260 classis
982 3191 1189 3257 Ravennatis
1224 3190 1410 3274 praelectus

207 3294 384 3379 ambiguos
403 3294 546 3359 militum
577 3294 715 3373 animos,
733 3296 823 3379 quod
856 3314 978 3378 magna
1010 3313 1086 3378 pars
1118 3292 1297 3359 Dalmatae
1324 3292 1410 3356 Pan·

165 3414 180 3474 5
208 3396 364 3480 noniique
382 3406 485 3473 erant,
504 3416 590 3478 quae
608 3390 797 3480 provinciae
811 3396 1021 3480 Vespasiano
1039 3395 1246 3472 tenebantur,
1260 3392 1411 3477 partibus

239 3565 274 3610 11.
295 3574 315 3612 1.
336 3566 643 3613 vsluttabstnfsotaa
664 3562 701 3613 Ci.
714 3562 729 3612 i
742 3563 783 3624 26,
835 3562 937 3629 applied
955 3571 982 3613 to
1001 3562 1095 3613 mental
1115 3563 1186 3624 iacts,
1206 3565 1223 3590 '⁴
1232 3562 1307 3627 being
1322 3563 1411 3612 turned

208 3625 319 3676 “iniecit
342 3643 372 3677 ea
395 3627 466 3676 tabes
488 3627 616 3691 legionum
637 3642 738 3692 quoque
760 3634 785 3677 et
835 3627 930 3678 toward
942 3627 1021 3678 him.”
1056 3629 1080 3677 lt
1091 3643 1177 3677 occurs
1188 3626 1331 3692 againinc.
1346 3626 1386 3690 83.

206 3690 354 3740 auxiliorum
366 3691 508 3741 motasiam
521 3691 645 3741 mentes.''
868 3696 907 3741 12
928 3704 948 3741 1.
966 3706 1004 3742 ne
1025 3696 1056 3741 tn
1076 3695 1184 3741 Vitellii
1207 3695 1326 3750 quidem
1347 3706 1411 3750 par·

242 3768 262 3804 r.
281 3760 428 3813 Aponium
450 3760 648 3806 Saturninum
683 3756 726 3806 lie
748 3757 785 3806 al·
834 3760 915 3807 tibus
925 3761 1042 3815 quietas
1053 3762 1175 3807 mantea
1203 3756 1317 3806 Heraeus
1326 3757 1413 3807 makes

206 3827 271 3869 most
283 3820 402 3871 deserved
414 3821 453 3871 his
465 3821 523 3881 iate,
538 3821 575 3871 ior
586 3821 626 3872 his
642 3821 782 3887 attempted
835 3821 884 3871 this
895 3838 911 3871 a
927 3830 1040 3886 separate
1057 3822 1146 3872 clause.
1184 3821 1264 3871 Orelli
1280 3822 1381 3886 regards
1392 3821 1412 3872 ir

207 3883 335 3949 treachery
346 3893 373 3936 to
384 3886 484 3936 Tettius
492 3885 616 3951 Julianus,
630 3886 654 3935 ii.
671 3885 709 3949 85.
834 3902 862 3936 as
873 3886 916 3936 the
928 3886 1081 3936 nominative
1095 3894 1121 3936 to
1137 3891 1342 3936 turbabantur.
1380 3887 1411 3936 Iu

238 3946 261 3997 8.
282 3953 414 3999 adiutam
421 3964 441 4000 s
448 3965 482 4001 se
489 3955 638 4001 ultionem.
665 3951 689 4000 lt
699 3950 783 4000 would
833 3951 883 4001 this
894 3953 967 4001 latter
975 3966 1032 4001 case
1043 3951 1086 4001 the
1095 3951 1211 4016 negative
1220 3959 1284 4001 must
1294 3951 1327 4001 be
1335 3951 1412 4002 talren

205 4029 272 4064 seem
290 4013 353 4063 irom
372 4014 421 4064 this
437 4015 490 4065 that
502 4016 546 4066 the
561 4015 676 4065 Moesian
687 4016 784 4080 legions
834 4016 926 4080 closely
937 4016 998 4066 with
1009 4017 1110 4080 witae.

206 4079 255 4128 had
263 4078 350 4142 joined
358 4079 653 4144 iutheseditionagainst
661 4080 784 4145 Tampius
865 4096 890 4143 ⁴·
909 4086 989 4139 quod
1021 4094 1129 4140 magua
1161 4096 1231 4141 pars
1258 4086 1412 4132 Dalmatae

209 4143 782 4209 Flavianus,wbichhadprovedaosuccessiul.
835 4149 1033 4204 Pannoniique
1055 4151 1147 4196 erant
1190 4147 1265 4198 Since
1284 4147 1302 4197 it
1325 4147 1347 4197 is
1369 4147 1412 4196 the

241 4219 278 4256 ιι.
299 4212 421 4268 Pr1mus,
442 4214 619 4269 Aponianus,
646 4213 784 4260 Messalla
834 4210 984 4261 individuals
996 4211 1149 4275 comprising
1159 4210 1187 4271 it,
1201 4213 1284 4261 rather
1296 4211 1357 4261 than
1369 4211 1412 4261 the

205 4287 271 4321 were
278 4272 321 4321 the
329 4274 504 4322 commandcrs
511 4274 540 4322 oi
546 4274 589 4323 the
598 4273 643 4335 yth
650 4273 783 4335 Galbiana,
834 4283 890 4339 part
901 4276 1057 4340 collectively
1075 4276 1132 4325 who
1149 4291 1192 4326 are
1207 4276 1300 4326 loolred
1316 4284 1350 4335 at,
1369 4276 1412 4326 the

207 4334 249 4383 the
272 4336 312 4397 3d,
341 4337 392 4386 and
421 4338 465 4386 the
491 4337 534 4399 yth
562 4337 712 4399 Claudiana,
741 4339 784 4390 the
833 4338 895 4388 verb
906 4339 956 4388 and
975 4340 1018 4389 the
1037 4340 1165 4404 predicate
1182 4356 1225 4390 are
1242 4340 1310 4390 alilre
1321 4348 1366 4405 put
1384 4340 1411 4390 in

207 4405 258 4449 two
268 4399 315 4449 lust
328 4400 444 4451 Moesico
457 4401 561 4464 legions.
834 4403 877 4452 the
889 4404 976 4467 plural.
1011 4404 1124 4468 Madvig,
1137 4406 1151 4464 ς
1164 4415 1220 4469 215.

242 4477 278 4526 14.
296 4469 411 4516 omissis
427 4470 585 4516 lictoribus
623 4467 729 4516 Omissis
745 4467 782 4516 in·
867 4478 890 4531 5.
900 4471 1081 4527 Vespasiano
1093 4468 1278 4532 maybeeither
1289 4469 1374 4519 dative
1383 4484 1412 4518 or

206 4529 277 4579 atead
288 4529 317 4578 oi
325 4530 367 4580 the
378 4547 448 4580 more
460 4533 529 4581 usual
538 4531 656 4581 dimissis.
694 4533 783 4582 Asthe
833 4533 949 4591 ablative,
962 4542 1027 4584 most
1045 4534 1105 4583 lilrel
1134 4534 1177 4584 the
1195 4534 1294 4594 former,
1308 4550 1335 4584 as
1352 4534 1411 4598 they

206 4595 366 4645 commender
377 4597 407 4646 oi
417 4612 433 4645 a
444 4596 570 4662 province,
580 4597 613 4646 he
625 4598 708 4648 would
720 4597 783 4649 have
834 4614 899 4648 were
910 4606 954 4648 not
966 4600 1026 4663 only
1035 4599 1094 4649 held
1106 4551 1139 4663 by
1147 4599 1208 4659 him,
1218 4600 1263 4650 but
1272 4600 1326 4650 also
1337 4599 1363 4648 in
1372 4599 1411 4650 his

207 4659 299 4710 lictors
834 4663 942 4714 interest.
980 4664 1118 4736 Seefum.
1133 4664 1354 4726 Int.v.§§18and
1369 4665 1407 4716 26.

217 4765 219 4769 ,
242 4726 279 4776 16.
293 4730 424 4778 obversis
433 4727 470 4777 ior
478 4727 783 4779 convmr'sisuuusualas
867 4739 890 4795 ς.
926 4734 1061 4789 portibus
1091 4734 1155 4780 etrus
1187 4736 1410 4790 armaverat
