3164 5348
247 587 306 644 414

482 585 709 647 CORNELII
731 584 891 645 TACIYI
909 583 1243 645 HISTORIARUM

247 762 405 829 cecidisse
434 762 648 827 Galerianum
684 760 919 825 consobrinum
951 760 1022 823 eius
1050 779 1284 842 generumque.
1337 759 1461 824 Unam

248 865 281 928 in
300 864 441 928 audacia
470 884 564 946 spem
595 861 720 939 salutis,
738 863 796 926 sed
828 862 897 926 duo
928 861 1046 926 itinera
1076 861 1231 939 audendi,
1249 881 1307 925 seu
1338 859 1463 925 mallet

187 979 222 1041 15
247 966 362 1029 statim
389 985 489 1042 arma,
518 985 575 1028 seu
602 964 708 1046 petita
734 962 875 1027 navibus
907 961 1017 1027 Gallia
1047 964 1167 1027 ducem
1194 982 1230 1025 se
1261 960 1459 1026 Vitellianis

248 1066 449 1130 exercitibus
475 1067 675 1130 ostenderet
727 1063 820 1128 Nihil
848 1064 890 1128 ad
918 1083 959 1127 ea
985 1072 1078 1127 moto
1107 1063 1235 1142 Pisone,
1256 1063 1407 1127 centurio
1437 1083 1460 1126 a

248 1167 406 1231 Muciano
438 1168 557 1231 missus
588 1175 625 1231 ut
656 1176 791 1249 portum
821 1164 1040 1248 Karthaginis
1066 1165 1188 1248 attigit,
1219 1185 1342 1248 magna
1371 1184 1459 1230 voce

247 1268 335 1333 laeta
370 1269 481 1333 Pisoni
516 1269 630 1332 omnia
664 1277 837 1352 tamquam
873 1267 1014 1351 principi
1045 1268 1248 1342 continuare,
1274 1266 1392 1331 obvios
1419 1278 1458 1332 et

246 1370 376 1435 subitae
402 1371 447 1433 rei
476 1369 635 1434 miraculo
662 1370 833 1447 attonitos,
851 1378 889 1432 ut
915 1369 1032 1432 eadem
1060 1369 1299 1452 adstreperent,
1316 1368 1456 1434 hortari.

185 1487 223 1527 20
245 1470 375 1554 Volgus
393 1470 565 1534 credulum
584 1490 677 1533 ruere
695 1471 729 1532 in
748 1469 865 1546 iorum,
879 1469 1101 1551 praesentiam
1118 1468 1247 1533 Pisonis
1261 1489 1458 1550 exposcere.

246 1569 379 1635 Gaudio
413 1569 681 1652 clamoribusque
715 1578 836 1633 cuncta
863 1568 1058 1645 miscebant,
1085 1568 1296 1652 indiligentia
1321 1569 1392 1634 veri
1417 1580 1456 1634 et

244 1670 403 1735 adulandi
431 1671 576 1735 libidine.
631 1671 716 1748 Piso,
743 1669 866 1733 indicio
894 1670 1046 1752 Sagittae
1072 1668 1124 1734 vel
1152 1669 1252 1733 insita
1278 1670 1457 1749 modestia,

245 1773 364 1835 nonin
393 1771 563 1853 publicum
590 1790 742 1853 egressus
764 1780 815 1833 est
841 1790 950 1852 neque
975 1790 1011 1832 se
1038 1769 1157 1833 studiis
1176 1770 1264 1852 volgi
1292 1770 1455 1851 permisit.

246 1871 551 1954 Centurionemque
570 1879 813 1954 percunctatus,
832 1880 1011 1953 postquam
1030 1870 1219 1952 quaesitum
1243 1871 1306 1934 sibi
1324 1870 1456 1935 crimen

182 1986 218 2045 ²5
244 1975 448 2054 caedemque
474 1972 645 2054 comperit,
663 1971 883 2035 animadverti
911 1971 944 2034 in
972 1991 1048 2034 eum
1077 1971 1180 2047 iussit,
1198 1969 1287 2034 haud
1312 1971 1456 2052 perinde

243 2093 303 2155 spe
322 2074 409 2137 vitae
427 2093 528 2154 quam
548 2073 596 2134 ira
614 2073 646 2136 in
666 2091 903 2153 percussorem,
916 2070 1007 2153 quod
1023 2070 1111 2134 idem
1126 2090 1171 2134 ex
1185 2070 1455 2135 interlectoribus

244 2171 353 2236 Clodii
373 2173 478 2235 Macri
506 2183 659 2236 cruentas
685 2170 786 2254 legati
813 2171 975 2254 sanguine
1003 2191 1121 2234 manus
1148 2172 1190 2234 ad
1219 2173 1355 2236 caedem
1374 2191 1454 2254 pro-

243 2274 388 2336 consulis
423 2271 612 2336 rettulisset.
664 2272 783 2335 Anxio
818 2272 939 2334 deinde
965 2271 1076 2334 edicto
1112 2270 1456 2357 Karthaginiensibus

242 2373 420 2456 increpitis,
447 2393 488 2436 ne
524 2372 622 2436 solita
656 2373 792 2456 quidem
829 2372 943 2434 munia
978 2370 1169 2452 usurpabat,
1196 2370 1327 2436 clausus
1362 2372 1454 2436 intra

181 2489 219 2547 30
242 2476 389 2552 domum,
408 2494 534 2555 nequa
554 2484 664 2537 motus
684 2475 760 2538 novi
780 2493 880 2537 causa
897 2471 948 2535 vel
968 2473 1053 2536 sorte
1071 2482 1226 2538 oreretur.

322 2589 374 2655 50.
403 2575 470 2640 Sed
486 2575 541 2638 ubi
558 2575 659 2638 Festo
673 2575 898 2638 consternatio
911 2573 1009 2655 volgi,
1025 2575 1227 2638 centurionis
1238 2573 1453 2658 supplicium,

241 2696 384 2759 veraque
398 2685 430 2740 et
443 2675 526 2739 salsa
540 2696 632 2739 more
647 2675 755 2738 lamae
770 2676 804 2738 in
819 2676 926 2738 maius
945 2674 1126 2752 innotuere,
1141 2675 1269 2758 equites
1284 2677 1316 2739 in
1332 2695 1452 2741 necem

244 2777 372 2840 Pisonis
400 2777 528 2840 mittit¹
565 2776 619 2838 Illi
647 2778 768 2857 raptim
794 2777 890 2852 vecti,
908 2777 1050 2839 obscuro
1071 2775 1181 2839 adhuc
1205 2786 1344 2858 coeptae
1365 2777 1452 2840 lucis

242 2879 381 2940 domum
400 2875 606 2958 proconsulis
629 2876 824 2958 inrumpunt
847 2876 1013 2939 destrictis
1030 2876 1160 2958 gladiis,
1178 2885 1211 2940 et
1231 2897 1354 2959 magna
1371 2897 1453 2959 pars

201 2990 217 3051 5
244 2978 373 3041 Pisonis
409 2977 523 3060 ignari,
558 2977 648 3061 quod
686 2977 816 3040 Poenos
851 2975 1029 3040 auxiliares
1066 2976 1270 3060 Maurosque
1305 2978 1337 3041 in
1374 2997 1453 3044 earn

242 3081 380 3143 caedem
399 3078 576 3162 delegerat.
631 3078 733 3143 Haud
752 3077 866 3162 procul
885 3077 1037 3143 cubiculo
1055 3078 1191 3143 obvium
1210 3078 1295 3144 sorte
1308 3099 1454 3157 servum,

241 3182 395 3264 quisnam
431 3191 465 3244 et
499 3181 554 3243 ubi
591 3190 677 3244 esset
714 3180 798 3258 Piso,
834 3181 1085 3262 interrogavere.
1149 3180 1272 3246 Servus
1315 3183 1455 3265 egregio
1510 3247 1522 3262 ,

243 3284 417 3346 mendacio
444 3304 480 3346 se
507 3282 661 3346 Pisonem
689 3303 760 3345 esse
787 3283 958 3364 respondit
972 3305 981 3362 3
1016 3303 1055 3345 ac
1081 3283 1195 3346 statim
1222 3284 1453 3349 obtruncatur.

244 3384 316 3446 Nec
343 3384 450 3447 multo
472 3394 547 3464 post
572 3384 649 3447 Piso
673 3382 887 3449 interficitur:
915 3404 1060 3465 namque
1078 3385 1194 3447 aderat
1212 3385 1268 3466 qui
1288 3396 1452 3463 nosceret,

278 3578 314 3628 13.
335 3571 528 3616 morlanum.
566 3566 616 3614 For
630 3566 670 3615 his
681 3566 757 3615 death
768 3567 818 3615 und

242 3630 818 3694 theimpressionitproduced,seeubove,c.11.

278 3695 314 3744 18.
334 3700 413 3744 laeta
432 3699 528 3743 Pisoni
548 3698 646 3743 omnis
667 3699 819 3751 remquam

242 3762 375 3872 ”milis
386 3763 600 3871 ilnlirutlh..
611 3757 819 3871 {icllll‘will

242 3837 302 3935 llige
296 3887 385 3950 phrase
394 3839 458 3936 laclia
469 3889 563 3945 onmia,
574 3903 615 3936 see
626 3886 651 3935 ii.
665 3897 704 3948 74,
709 3858 774 3936 'note
785 3902 818 3934 on

242 3950 482 4077 lm1e9.3'mlrs.oulo.
522 4016 624 4064 “From
642 4017 744 4065 wonder
764 4014 818 4064 at.”

243 4079 280 4130 So'
301 4081 355 4131 Liv.
375 4081 391 4130 i.
413 4092 452 4144 59,
474 4081 665 4144 “concientque
687 4080 815 4140 miraculo,

242 4154 275 4221 ut¹
292 4146 381 4236 ht,',rei
405 4162 485 4195 novae
505 4155 579 4211 atque
602 4146 750 4210 indignitate
773 4146 816 4195 ho·

242 4226 328 4336 Ὗ
342 4279 508 4333 quaesitum
536 4279 591 4325 arur
619 4279 728 4325 crimen
754 4289 816 4325 oee-

242 4343 373 4415 demque.
392 4405 397 4416 Ι
419 4341 530 4415 Crimen,
552 4356 567 4389 u
589 4340 685 4416 ground
703 4340 732 4388 of
746 4357 817 4390 uccu·

241 4405 431 4480 sation,·whrch
451 4405 529 4469 might
546 4405 689 4518 justriptpps
706 4407 817 4519 rrrgrpgpreepi

242 4469 613 4648 {pppgpngvlhiphhqpquacgppes
630 4487 711 4599 envoi}
722 4535 816 4584 offered

260 4616 302 4649 rm.

243 4729 248 4741 1
271 4677 314 4793 727.
334 4669 534 4716 crodttuaerr.
570 4665 817 4727 Oubisdeath‚see

241 4745 258 4780 r.
287 4768 293 4780 .

903 3571 1133 3627 annumerabat.
1173 3567 1430 3632 “Hedischerged.”

902 3635 948 3680 50.
974 3644 998 3679 2.
1026 3635 1181 3717 lnpnalus.
1231 3633 1288 3680 “ln
1315 3648 1348 3680 an
1373 3648 1451 3696 exug-

869 3694 1066 3821 &illidit
1083 3705 1283 3823 mittut
1298 3696 1452 3810 :bautlii

870 3838 918 3871 one
926 3822 986 3871 with
995 3823 1097 3871 Tacitus
1107 3841 1115 3879 ς
1132 3839 1173 3872 see
1183 3824 1198 3873 i.
1212 3823 1241 3874 18
1249 3824 1299 3872 aud
1310 3835 1340 3887 52
1350 3841 1358 3883 ;
1375 3824 1410 3873 iii.
1421 3835 1447 3886 7.

903 3898 924 3948 3.
933 3891 1059 3937 obscuro
1067 3892 1384 3946 adhuoooepraotuore
1398 3889 1449 3939 “ln

869 3950 912 4001 the
931 3951 1041 4001 dimness
1061 3952 1089 4001 of
1109 3953 1151 4002 the
1173 3954 1289 4019 morning
1311 3953 1449 4018 twilight.”

872 4017 972 4080 Coeptac
994 4033 1021 4065 as
1043 4034 1076 4066 au
1098 4018 1221 4094 adjective
1243 4018 1264 4068 is
1287 4019 1396 4084 peculiar
1419 4030 1448 4069 to

868 4082 970 4131 Tacitus
977 4099 984 4140 ς
1003 4081 1034 4130 ci.
1045 4083 1113 4131 Anu.
1127 4098 1144 4132 ι.
1158 4084 1200 4147 65,
1212 4086 1320 4148 “coeptu
1332 4083 1414 4134 luce.''

901 4157 924 4207 7.
951 4151 1086 4204 quisnam
1108 4153 1139 4197 et
1161 4153 1211 4198 ubl
1234 4155 1320 4199 esset.
1372 4149 1448 4214 'l'bey

868 4211 911 4260 did
926 4220 969 4260 not
982 4213 1057 4261 know
1071 4213 1136 4272 Piso,
1150 4229 1177 4261 so
1190 4214 1247 4278 they
1259 4214 1305 4263 usk
1316 4215 1382 4263 what
1394 4225 1448 4265 sort

868 4276 927 4325 ola
945 4293 1004 4325 mun
1022 4277 1055 4326 he
1073 4277 1093 4327 is
1111 4279 1161 4327 und
1178 4280 1260 4328 where
1278 4280 1311 4328 he
1328 4279 1349 4329 is
1367 4287 1395 4328 to
1413 4281 1447 4330 be

868 4341 952 4390 found.
983 4342 1076 4391 Others
1087 4344 1238 4393 understand
1251 4361 1345 4403 servus,
1361 4344 1448 4393 “who

867 4405 899 4518 pe
911 4407 965 4518 (tgre
982 4407 1060 4468 siuve)
1074 4407 1103 4466 is,
1117 4409 1166 4456 und
1179 4409 1261 4458 where
1274 4410 1331 4458 Piso
1342 4409 1364 4458 is
1375 4415 1403 4458 to
1414 4410 1448 4460 be

877 4487 927 4519 uun
947 4470 973 4520 .”

900 4548 923 4597 9.
944 4540 994 4594 qul
1011 4542 1154 4595 nosceret,
1168 4542 1294 4589 Baebius
1310 4544 1411 4590 Maesa
1429 4554 1448 4590 ο

867 4607 1106 4660 procuratoribus
1115 4607 1238 4654 Anione.
1270 4605 1323 4665 Qui
1329 4612 1444 4665 nosceret,

868 4667 911 4716 the
933 4667 1097 4731 subjunctive,
1116 4685 1243 4754 expresses
1270 4670 1313 4719 the
1337 4686 1448 4735 purpose

870 4734 923 4781 “to
941 4733 1068 4797 recoguise
1086 4732 1166 4782 him'
1200 4735 1307 4784 Baebius
1324 4736 1410 4785 Massa
1425 4736 1448 4786 is
