3164 5348
546 306 690 367 traca
708 308 768 368 ιν.
794 307 887 370 crr’.
911 322 1030 385 71-73
1323 308 1382 369 sas

185 482 318 550 excidia
349 485 592 568 pensarentur.”
644 485 784 553 Cerialis
799 505 834 571 ¹a
865 494 956 551 metu
991 483 1157 563 infamiae,
1186 483 1214 548 si
1249 481 1383 549 licentia

185 571 543 671 saevitiaque'inbue're
561 585 700 652 militem
718 588 915 663 crederetur,
927 585 1047 671 pressit
1060 585 1132 650 iras.
1177 584 1224 649 Et
1236 604 1384 669 paruere,
1410 607 1445 648 ιο

135 757 140 772 ,
183 687 297 771 posito
323 687 444 753 civium
472 687 561 753 bello
586 688 629 753 ad
656 697 798 753 externa
824 686 1048 752 modestiores
1101 684 1275 753 Convertit
1305 685 1383 751 inde

186 788 316 853 animos
334 789 513 854 accitarum
532 808 552 853 e
569 788 831 854 Mediomatricis
857 787 1026 872 legionum
1053 786 1249 852 miserabilis
1269 806 1384 871 aspec-

187 896 247 953 tus.
301 888 447 954 Stabant
464 889 668 954 conscientia
685 889 801 972 flagitii
820 896 975 965 maestae,
989 886 1065 951 fixis
1083 887 1116 952 in
1135 897 1256 952 terram
1270 886 1383 951 oculis.

188 987 291 1052 Nulla
308 987 395 1052 inter
411 995 568 1053 coduntes
590 989 757 1052 exereitus
782 986 1010 1053 consalutatio.
1063 987 1182 1068 Neque
1198 986 1384 1051 solantibus

187 1085 439 1167 hortantibusve
468 1107 628 1171 responsa
658 1086 794 1163 dabant,
823 1085 928 1152 abditi
959 1104 1019 1170 per
1048 1085 1190 1150 tentoria
1215 1093 1249 1150 et
1275 1083 1382 1149 lucem
1411 1102 1444 1163 15
1472 1122 1474 1125 .

189 1185 295 1271 ipsam
313 1186 466 1253 vitantes.
510 1188 582 1252 Nec
600 1187 737 1272 perinde
755 1186 937 1270 periculum
955 1195 1014 1252 aut
1032 1196 1140 1251 metus
1157 1206 1258 1269 quarn
1276 1185 1385 1269 pudor

141 1331 145 1340 ·
188 1307 228 1352 ac
245 1287 390 1353 dedecus
407 1288 683 1373 obstupefecerat,
700 1287 852 1352 attonitis
870 1288 970 1352 etiarn
988 1285 1176 1363 victoribus,
1193 1285 1249 1369 qui
1266 1305 1383 1350 vocem

189 1407 369 1471 precesque
386 1387 545 1453 adhibere
562 1407 629 1452 non
647 1387 719 1453 ausi
738 1386 881 1452 lacrimis
898 1407 937 1451 ac
955 1385 1088 1451 silentio
1113 1385 1243 1451 veniam
1270 1405 1385 1470 posce·

189 1487 280 1566 bant,
297 1488 405 1554 donec
423 1488 560 1554 Cerialis
587 1487 746 1553 mulceret
772 1489 912 1565 animos,
929 1488 999 1552 fato
1026 1495 1101 1552 acta
1125 1486 1282 1552 dictitans
1299 1503 1385 1569 quae

189 1588 331 1653 militum
358 1590 548 1672 ducumque
582 1588 748 1655 discordia
782 1588 834 1654 vel
869 1589 985 1653 fraude
1010 1586 1155 1682 hostium
1190 1586 1384 1651 evenissent.
1410 1607 1448 1647 20

191 1689 338 1753 Primum
374 1687 467 1753 illum
503 1689 744 1773 stipendiorum
779 1696 814 1753 et
848 1687 1048 1752 sacramenti
1082 1686 1171 1752 diem
1206 1685 1386 1751 haberent:

190 1788 335 1872 priorum
366 1783 549 1854 facinorum
578 1807 687 1872 neque
715 1789 949 1872 imperatorem
979 1807 1087 1872 neque
1121 1808 1157 1852 se
1188 1785 1385 1851 meminisse

189 1890 286 1955 Tunc
312 1890 435 1975 recepti
462 1889 496 1955 in
522 1891 640 1956 eadem
667 1899 783 1970 castra,
806 1899 841 1955 et
867 1890 1012 1956 edictum
1039 1909 1099 1972 per
1126 1886 1313 1972 manipulos
1344 1906 1385 1952 ne

189 1990 264 2077 quis
281 1992 315 2057 in
334 1992 515 2059 certamine
534 1991 683 2078 iurgiove
703 1993 901 2059 seditionem
926 2000 984 2057 aut
1010 1989 1140 2057 cladem
1166 1988 1385 2055 commilitoni

189 2093 378 2160 oblectaret.
1284 2118 1286 2120 ·
1412 2108 1447 2171 25

268 2211 288 2277 7
294 2212 323 2277 3.
351 2197 436 2261 Mox
454 2197 617 2262 Treveros
643 2217 681 2262 ac
708 2196 879 2281 Lingonas
905 2197 948 2260 ad
975 2193 1165 2259 contionem
1183 2203 1318 2258 vocatos
1340 2192 1388 2257 ita
1479 2200 1484 2216 '

190 2294 400 2379 adloquitur:
426 2301 561 2379 “neque
578 2318 642 2380 ego
668 2317 814 2380 unquam
841 2295 1029 2360 facundiam
1055 2294 1198 2372 exercui,
1215 2302 1250 2359 et
1272 2292 1387 2376 populi

193 2395 337 2459 Romani
368 2396 525 2460 virtutem
555 2397 656 2459 armis
686 2394 866 2460 adfirmavi.
919 2394 986 2459 Sed
1018 2393 1176 2476 quoniam
1210 2393 1299 2475 apud
1327 2412 1388 2455 vos

190 2492 292 2556 verba
317 2492 495 2575 plurimum
513 2493 632 2567 valent,
651 2493 804 2576 bonaque
830 2511 869 2556 ac
895 2490 984 2555 mala
1007 2510 1073 2555 non
1100 2510 1161 2554 sua
1186 2498 1304 2554 natura
1329 2489 1387 2554 sed

192 2592 330 2657 vocibus
356 2592 587 2657 seditiosorum
614 2593 841 2670 aestimantur,
859 2592 960 2656 statui
987 2610 1093 2674 pauca
1118 2589 1287 2667 disserere,
1303 2607 1389 2672 quae
1414 2605 1430 2666 5

192 2691 369 2774 profligato
399 2691 488 2757 bello
501 2713 503 2717 ’
517 2692 630 2757 utilius
661 2693 704 2757 sit
727 2691 824 2757 vobis
855 2691 986 2756 audisse
1011 2711 1112 2774 quam
1139 2689 1236 2755 nobis
1256 2689 1389 2753 dixisse.

192 2791 331 2855 Terram
359 2800 502 2856 vestram
531 2801 782 2876 ceterorumque
812 2791 984 2858 Gallorum
1016 2790 1154 2873 ingressi
1184 2799 1262 2854 sunt
1289 2791 1391 2854 duces

194 2891 475 2975 imperatoresque
503 2893 648 2956 Romani
675 2892 766 2957 nulia
796 2892 959 2975 cupidine,
984 2892 1043 2957 sed
1071 2890 1249 2955 maioribus
1275 2889 1392 2954 vestris

193 2990 433 3068 invocantibus,
450 3011 535 3075 quos
552 2993 737 3057 discordiae
755 3012 860 3076 usque
887 2993 928 3056 ad
955 2991 1097 3055 exitium
1125 2989 1333 3073 fatigabant;
1359 2998 1392 3054 et
1493 2997 1497 3009 '

225 3150 546 3210 denominantes.
583 3147 653 3198 “On
664 3154 770 3199 account
853 3160 893 3199 at.
920 3151 1070 3198 haberent.
1108 3145 1202 3211 “They
1222 3145 1311 3197 should
1333 3160 1392 3196 oon·

192 3210 222 3262 of
236 3210 279 3261 the
289 3211 367 3262 dread
383 3211 413 3261 of
425 3209 545 3276 infamy.”
579 3211 682 3264 SoLiv.
696 3213 729 3263 vi.
743 3227 768 3274 4,
811 3211 912 3263 ,εἰάοι.”
944 3210 1097 3262 Theuseof
1108 3211 1195 3260 taem
1212 3209 1238 3260 in
1253 3209 1296 3261 the
1311 3209 1392 3262 active

195 3275 254 3326 “ah
273 3276 332 3326 odio
354 3275 386 3326 ad
409 3275 587 3341 pervastandos
609 3277 671 3326 fines
695 3312 702 3328 .
728 3314 734 3327 .
760 3313 767 3326 .
820 3277 907 3328 inthis
923 3274 1249 3327 senseisrareinciassicai
1260 3274 1363 3326 writers.

194 3339 319 3401 duxere;”
336 3341 568 3406 cf.Roby,81227.
593 3341 771 3393 Tbeidiomis
852 3344 898 3392 78.
918 3355 941 3391 a.
960 3355 1055 3400 neque
1074 3345 1207 3400 oco—et.
1250 3338 1393 3390 Tacitusis

194 3404 284 3456 almost
301 3404 411 3471 peculias
427 3413 454 3456 to
472 3405 544 3471 Livy.
584 3405 661 3457 Some
677 3407 770 3457 editors
821 3406 880 3457 fond
897 3406 926 3456 of
933 3405 983 3456 this
993 3404 1201 3456 combinationof
1208 3402 1330 3471 particies.
1367 3404 1392 3455 tt

194 3470 277 3521 would
300 3470 362 3521 omit
381 3470 425 3521 tbe
443 3485 460 3519 a
476 3486 510 3520 on
532 3470 576 3521 tbe
617 3472 619 3476 ’
659 3471 693 3521 nd
716 3471 770 3522 that
820 3471 936 3522 iefound
955 3486 1018 3521 even
1040 3470 1066 3520 in
1088 3469 1185 3529 Cicero,
1203 3485 1223 3520 s.
1242 3506 1249 3520 .
1269 3469 1302 3520 de
1318 3469 1390 3520 Orat.

194 3534 296 3586 Tacitus
307 3535 353 3586 has
363 3534 510 3586 notusedit
521 3487 664 3586 eisevffog.
821 3535 837 3586 i.
853 3547 894 3598 39,
909 3535 1011 3585 “bomo
1028 3550 1108 3599 neque
1124 3550 1182 3584 meo
1197 3533 1222 3584 iu
1242 3532 1289 3585 'cio
1304 3533 1394 3584 stultus

230 3613 267 3650 ta.
286 3603 448 3650 multatum
460 3613 478 3649 e
492 3603 718 3651 Mediomatricis
732 3603 769 3650 le·
820 3607 845 3651 et
860 3616 905 3649 suo
916 3600 989 3650 valde
1005 3597 1142 3665 sapiens.¹'.
1162 3599 1211 3649 For
1227 3601 1394 3649 facundiam

193 3667 322 3725 stonum,
332 3665 373 3715 220.
384 3664 427 3715 tbe
441 3671 476 3715 tst
487 3664 538 3715 and
551 3663 626 3724 ιδὼς
642 3680 717 3717 seec.
729 3674 768 3726 71.
820 3667 947 3724 exeroui,
957 3663 988 3714 cf.
1003 3663 1058 3714 Liv.
1072 3661 1155 3714 xxviii.
1167 3674 1207 3726 27,
1220 3676 1241 3726 t,
1255 3665 1332 3714 “non
1342 3678 1394 3728 quo

230 3740 268 3792 17.
287 3733 337 3789 qui
348 3743 621 3789 vocarunt-eoasque
631 3733 771 3781 adhibere
821 3729 897 3780 verba
915 3744 1025 3795 unquam
1041 3728 1123 3795 potius
1141 3744 1217 3794 quam
1236 3743 1276 3779 res
1294 3741 1393 3779 exmcu
1474 3787 1478 3795 Ι

194 3808 254 3845 non
275 3798 555 3853 ausi-pososbent.
603 3795 706 3855 “Wbo,
726 3800 773 3845 not
821 3792 910 3845 erim.”
1285 3815 1288 3819 ²

194 3859 249 3909 dari
305 3867 332 3910 to
353 3858 455 3910 address
474 3859 556 3910 words
577 3874 605 3909 or
627 3874 728 3925 prayers
744 3866 772 3909 to
853 3859 877 3909 6.
896 3861 1050 3918 pruniaco
1062 3862 1164 3908 bello«
1184 3857 1395 3908 “Nowtbewar

195 3875 314 3984 eerfflu,
327 3923 405 3975 aslred
423 3923 461 3974 for
479 3923 543 3975 their
617 3923 772 3989 onbytears
821 3923 892 3974 isall
908 3924 953 3974 but
969 3923 1077 3989 brought
1094 3930 1121 3972 io
1138 3938 1154 3972 a
1170 3919 1264 3974 ciose.''
1298 3921 1337 3972 Cf.
1357 3921 1393 3971 iii.

195 3988 246 4038 and
264 3986 383 4040 silence.”
415 3987 540 4039 Thestor
587 4004 630 4040 are
649 3987 771 4065 arranged
837 4001 862 4048 o,
893 3986 1031 4038 “sufficere
1057 3986 1172 4038 cohortes
1198 3987 1303 4052 alaeque
1329 3993 1355 4036 et
1379 4000 1396 4035 a

195 4054 221 4102 in
228 4052 374 4104 alternative
381 4052 462 4113 order,
471 4052 514 4105 the
520 4053 613 4104 silence
619 4059 772 4119 contrastrng
831 4051 961 4119 egionibrs
972 4050 1029 4103 lecti
1045 4051 1177 4118 profligato
1187 4048 1237 4102 iam
1248 4050 1316 4102 bello
1326 4049 1395 4101 vide·

196 4117 257 4167 vritb
266 4116 458 4178 tbewords,tbe
468 4117 601 4169 tearsvrith
610 4117 653 4168 tbe
678 4133 769 4182 rayers.
822 4116 953 4177 bantur;”
970 4116 1025 4167 Liv.
1040 4117 1089 4166 xxi.
1103 4116 1235 4184 soadfin.

197 4181 253 4232 The
263 4181 470 4248 quibasproved
484 4133 733 4247 niunburg-{loct
745 4190 772 4231 to
855 4192 878 4244 7.
907 4186 999 4232 duces
1031 4184 1288 4240 imperatoresque.
1339 4177 1397 4230 'Ibe

197 4262 280 4311 many.
306 4248 383 4299 Some
391 4246 483 4298 editors
491 4246 555 4297 have
563 4247 695 4324 mggested
703 4246 768 4311 quai,
821 4246 981 4296 subordinate
997 4244 1093 4296 cilicem
1108 4244 1158 4295 and
1175 4243 1395 4296 commandere-in·

199 4311 304 4375 Ruperti
325 4327 394 4377 quos,
415 4309 520 4377 holding
541 4311 596 4362 that
618 4319 638 4361 rt
656 4325 707 4360 was
729 4308 772 4360 the
822 4310 890 4361 chief
896 4327 904 4370 3
920 4325 952 4371 so¹
965 4310 1037 4361 Caes
1053 4311 1081 4360 B.
1096 4310 1129 4361 G.
1148 4309 1181 4360 vi.
1201 4309 1226 4371 8,
1247 4311 1397 4375 “praestate

197 4374 352 4440 vauquisbed
361 4383 405 4426 not
417 4375 460 4426 the
470 4390 621 4442 conquerere
627 4374 686 4425 who
693 4373 771 4425 aslred
822 4375 928 4453 eandem
936 4374 1009 4425 nobis
1017 4374 1122 4453 ducibus
1128 4391 1204 4462 quam
1211 4387 1398 4441 saepenumero

198 4437 236 4489 for
248 4441 351 4504 pardon.
822 4438 965 4506 imperatori
976 4438 1158 4505 praesbtisua’

258 4676 320 4735 x,
