3164 5348
549 289 693 347 LIBER
712 289 740 347 I.
767 287 859 348 cAP.
885 303 1001 360 ττι-η
1315 283 1372 341 133

170 461 237 524 iam
252 467 389 536 mentes,
403 467 586 542 postquam
601 458 772 543 volgatum
786 466 857 523 erat
875 457 987 522 labare
1001 455 1190 523 Germanici
1208 454 1373 521 exercitus

169 561 277 626 fidem.
322 561 491 645 Adeoque
504 568 622 644 parata
639 561 728 644 apud
747 558 853 625 malos
867 560 994 637 seditio,
1008 559 1110 624 etiam
1124 558 1213 642 apud
1228 557 1374 640 integros

170 661 391 727 dissimulatio
429 662 500 740 luit,
530 670 568 726 ut
602 671 737 747 postero
771 661 886 757 iduum
921 661 976 726 die
1011 662 1204 724 redeuntem
1239 679 1259 722 a
1293 677 1375 723 cena

171 762 343 828 Othonem
370 763 498 845 rapturi
517 763 647 841 luerint,
665 763 699 826 ni
726 763 851 827 incerta
872 762 980 826 noctis
1005 770 1040 826 et
1057 769 1130 826 tota
1156 759 1237 824 urbe
1261 779 1376 842 sparsa
1420 774 1436 834 s

171 864 313 927 militum
333 872 445 926 castra
468 884 529 927 nec
547 863 676 928 facilem
696 864 781 927 inter
807 861 1008 926 temulentos
1031 880 1230 925 consensum
1249 859 1376 926 timuis·

172 973 254 1040 sent,
282 982 349 1026 non
380 964 428 1027 rei
447 962 615 1047 publicae*
630 982 717 1041 cura,
742 972 843 1045 quam
871 961 1004 1026 foedare
1034 960 1191 1043 principis
1221 960 1271 1024 sui
1301 979 1376 1023 san·

173 1064 274 1147 guine
292 1062 392 1128 sobrii
413 1063 585 1146 parabant,
598 1064 657 1128 sed
676 1083 718 1127 ne
736 1082 795 1144 per
811 1061 974 1138 tenebras,
987 1070 1024 1126 ut
1037 1063 1176 1144 quisque
1195 1059 1377 1123 Pannonici

174 1163 225 1227 vel
257 1163 448 1228 Germanici
479 1164 646 1228 exercitus
677 1162 838 1228 militibus
863 1161 996 1227 oblatus
1025 1170 1121 1238 esset,
1148 1159 1377 1243 ignorantibus

175 1264 347 1348 plerisque,
361 1284 423 1347 pro
437 1263 573 1329 Othone
587 1263 816 1328 destinaretur.
861 1262 971 1327 Multa
985 1261 1187 1345 erumpentis
1205 1259 1377 1325 seditionis
1404 1276 1440 1318 ιο

175 1366 297 1430 indicia
327 1385 388 1448 per
417 1366 568 1430 conscios
598 1386 777 1450 oppressa:
810 1365 975 1447 quaedam
1007 1363 1097 1446 apud
1129 1361 1257 1436 Galbae
1282 1381 1377 1427 aures

175 1466 366 1550 praelectus·
382 1466 474 1531 Laco
492 1467 597 1544 elusit,
617 1468 751 1550 ignarus
769 1465 962 1530 militarium
980 1466 1166 1529 animomm
1185 1461 1377 1545 consiliique

176 1567 327 1650 quamvis
353 1568 489 1649 egregii,
514 1569 604 1650 quod
633 1587 700 1631 non
727 1567 798 1650 ipse
825 1565 966 1642 afferret,
983 1564 1137 1628 inimicus
1163 1572 1197 1628 et
1223 1563 1379 1627 adversus

175 1667 298 1749 peritos
316 1668 483 1748 pervicax.

254 1780 309 1843 27.
340 1764 469 1829 Octavo
499 1764 632 1830 decimo
666 1764 826 1827 kalendas
862 1762 1057 1826 Februarias
1087 1759 1285 1825 sacrificanti
1320 1781 1380 1843 pro
1401 1747 1489 1857 rt‘hev

177 1854 260 1928 ae'de
294 1864 464 1948 Apollinis
499 1863 628 1929 Galbae
662 1863 831 1946 haruspex
864 1862 1056 1928 Umbricius
1090 1861 1198 1925 tristia
1231 1870 1312 1924 exta
1346 1870 1381 1925 et
1446 1834 1459 1886 l

178 1967 341 2030 instantes
372 1965 509 2029 insidias
540 1986 578 2029 ac
608 1965 830 2030 domesticum
861 1964 991 2028 hostem
1027 1962 1196 2047 praedicit,
1225 1961 1381 2026 audiente

180 2065 317 2132 Othone
335 2065 428 2150 (nam
452 2067 627 2150 proximus
650 2065 837 2149 adstiterat)
857 2065 957 2148 idque
979 2074 1016 2129 ut
1034 2064 1158 2128 laetum
1179 2063 1382 2127 econtrario

180 2176 214 2232 et
231 2169 299 2232 suis
317 2167 576 2250 cogitationibus
594 2187 790 2250 prosperum
808 2163 1054 2250 interpretante
1096 2165 1168 2228 Nec
1186 2163 1292 2228 multo
1305 2172 1382 2248 post
1426 2175 1442 2236 5

181 2267 318 2333 libertus
349 2267 557 2334 Onomastus
587 2270 720 2334 nuntiat
750 2268 921 2353 expectari
952 2287 1028 2332 eum
1064 2265 1107 2330 ab
1137 2265 1318 2329 architecto
1347 2274 1382 2330 et

181 2370 467 2453 redemptoribus;
502 2391 588 2453 quae
618 2369 817 2453 significatio
847 2369 1037 2433 coeuntium
1069 2368 1135 2431 iam
1172 2366 1314 2430 militum
1349 2375 1383 2431 et

180 2535 280 2597 British,
287 2536 336 2585 and
348 2535 450 2600 lllyrian
459 2534 556 2586 armies.
580 2536 630 2585 For
637 2535 709 2595 tabes,
716 2551 757 2585 see
806 2534 922 2598 junction
929 2533 959 2584 ol
967 2530 1383 2583 anad'ectiveandnrbetantivein

180 2601 213 2652 iii.
232 2614 269 2659 rr,
285 2601 424 2665 “legiones
434 2601 503 2651 velut
515 2600 573 2650 tabe
584 2598 714 2650 iniectae”
810 2600 881 2664 place
895 2599 925 2649 ol
939 2606 989 2649 two
1005 2613 1033 2648 sa
1064 2597 1179 2658 tantives,
1191 2595 1385 2662 comparatively

212 2680 235 2726 4.
246 2667 489 2716 dtsstmulstto=“
496 2665 623 2742 readiness
635 2665 758 2751 tonignore
810 2679 863 2714 rare
870 2663 931 2740 with
940 2662 1028 2740 earlier
1034 2662 1137 2722 writers,
1147 2661 1256 2726 isavery
1261 2661 1386 2739 favourite

180 2730 430 2845 ttrfflttttzs'll
443 2745 655 2854 halitu
670 2730 759 2859 ,riti
808 2725 1386 2843 tla'llltttttltnmtlthttta

182 2860 281 2919 Cicero,
308 2875 354 2925 pro
382 2860 447 2909 Sest
472 2861 486 2919 1
511 2869 553 2922 35,
574 2859 679 2922 “eaque
706 2873 759 2908 non
809 2872 861 2906 wor
890 2856 1067 2922 3nerfecilem
1081 2855 1386 2921 isequivalenttoaenon

181 2923 281 2974 silentio
297 2923 428 2974 consulum
445 2922 665 2982 dissimularentur,
678 2923 760 2973 sedet
801 2922 914 2987 fatalem.
950 2923 981 2971 ln
995 2920 1100 2985 English
1112 2936 1150 2970 we
1160 2919 1250 2970 should
1260 2935 1305 2984 say
1319 2919 1386 2970 “the

181 3005 243 3039 voce
254 2997 279 3038 et
290 2988 414 3038 sententia
424 2986 673 3052 comprobarentur.”
810 2985 932 3050 difficulty
943 2985 972 3036 ol
979 2985 1094 3050 securing
1104 2983 1229 3035 concert.”

214 3069 238 3115 4
258 3057 490 3112 posterotduum
501 3057 554 3103 dte
589 3051 646 3102 The
656 3051 762 3117 reading
843 3051 867 3101 ⁶.
886 3055 993 3101 casm
1037 3049 1093 3100 The
1113 3057 1168 3100 troo
1213 3049 1243 3099 oi
1258 3047 1385 3114 illyricum

182 3118 211 3169 oi
235 3118 284 3180 M,
305 3118 401 3183 though
420 3118 439 3168 it
461 3117 483 3167 is
507 3118 582 3168 much
601 3117 757 3176 obliterated,
811 3131 876 3166 were
899 3115 1030 3181 quartered
1052 3115 1078 3165 in
1101 3114 1144 3165 the
1186 3114 1265 3165 ortico
1281 3114 1311 3164 ol
1323 3113 1356 3164 Vi

181 3199 263 3234 seems
281 3192 308 3233 to
328 3184 360 3233 be
381 3183 507 3247 “postero
526 3182 611 3233 iduum
636 3180 761 3233 dierum.”
811 3181 902 3240 sanius.
920 3182 962 3231 the
979 3183 1090 3232 German
1108 3179 1281 3231 detachments
1299 3178 1386 3230 inte

181 3249 245 3299 'l'his
258 3248 367 3299 Pichena
377 3255 485 3298 corrects
497 3247 550 3297 into
564 3246 677 3297 “iduum
688 3247 761 3297 lanu·
812 3245 911 3297 Atrium
924 3245 1065 3296 Libertatis

182 3313 300 3372 arium;”
327 3314 450 3372 Heraeus,
476 3312 587 3361 “iduum
609 3312 663 3362 lan.
681 3309 761 3371 die;”
847 3324 884 3361 το.
903 3313 1299 3370 prooenonaeoeunarerur.
1315 3308 1386 3359 “He

184 3379 273 3438 Orelli,
299 3378 412 3428 “iduum
431 3376 500 3427 die”
533 3377 589 3426 The
606 3377 703 3427 natural
719 3392 762 3427 ex·
812 3375 901 3425 should
924 3375 956 3425 be
978 3374 1080 3439 pitched
1102 3391 1118 3424 u
1153 3390 1170 3424 n
1186 3389 1214 3424 as
1230 3371 1339 3433 oth0;”
1357 3388 1387 3425 so

183 3443 296 3508 pression
312 3443 396 3493 would
413 3442 445 3492 be
465 3441 584 3506 postridie
599 3441 699 3501 iduum,
717 3441 762 3491 but
811 3440 976 3501 detinebant,
1001 3439 1018 3490 i.
1042 3452 1088 3498 123
1140 3438 1172 3488 ἰ
1195 3437 1230 3489 ix.
1251 3451 1292 3500 24,
1317 3436 1387 3503 “qai

184 3508 282 3570 Cicero,
304 3525 350 3573 pro
371 3507 434 3559 Sull.
454 3508 468 3567 5
485 3518 524 3571 52,
545 3507 589 3556 has
609 3508 762 3572 “posterum
813 3501 1387 3556 omniumeonsensudestinabanturauctorea”

184 3574 252 3624 diem
272 3574 403 3623 Nonarum
421 3571 630 3633 Novembrium,”
643 3572 725 3622 which
742 3571 763 3621 is
849 3584 886 3621 τι.
914 3575 993 3629 apud
1012 3574 1121 3620 Galba
1140 3583 1233 3620 aures
1271 3567 1386 3620 “Which

201 3640 251 3689 ood
274 3639 400 3703 authority
422 3638 460 3687 ior
482 3654 497 3686 a
516 3637 610 3688 similar
629 3653 673 3686 use
692 3637 759 3688 here
813 3635 919 3686 reached
931 3636 974 3686 the
985 3651 1039 3685 ears
1050 3635 1079 3684 ol
1087 3634 1197 3685 Galba.”

184 3656 240 3753 irre
257 3704 306 3767 day
316 3704 379 3753 alter
397 3703 440 3752 the
461 3702 519 3752 Ides
538 3702 559 3751 is
578 3702 621 3752 the
640 3701 706 3762 14th,
720 3702 763 3753 the
849 3703 996 3751 inclusit.
1034 3698 1191 3749 ‘'Parried.’'
1220 3698 1333 3764 (Properl
1360 3696 1391 3748 ol*

184 3769 234 3832 ‹tny
245 3769 330 3817 belore
342 3768 385 3818 the
396 3767 478 3817 actual
490 3766 618 3816 outbrealn
814 3765 925 3815 aboxer
943 3765 1001 3814 who
1017 3765 1113 3830 dodges
1134 3780 1150 3813 a
1171 3764 1238 3814 blow
1259 3763 1309 3812 aim
1361 3770 1388 3813 at

218 3843 240 3896 5.
260 3836 375 3890 rapturt
393 3834 510 3881 mantnt.
557 3830 629 3890 This,
649 3830 699 3879 and
718 3837 763 3881 not
813 3829 886 3889 him)
919 3829 986 3878 Ann.
1006 3828 1040 3878 iii.
1055 3840 1094 3914 54,
1111 3828 1172 3878 “sic
1190 3827 1313 3879 Caecinae
1332 3843 1388 3877 sen·

184 3896 228 3946 the
240 3896 378 3960 pluperlect
389 3894 636 3958 subjunctive,isthe
646 3894 764 3957 ordinary
814 3893 894 3943 tentia
915 3894 984 3942 elusa
1005 3892 1076 3953 est;’
1104 3893 1170 3942 Dial
1198 3903 1222 3955 5,
1248 3889 1389 3941 “Helvidii

185 3971 255 4010 tense
264 3961 325 4010 used
337 3969 364 4010 to
375 3975 477 4023 express
487 3975 503 4008 a
514 3959 547 4022 hy
582 3956 684 4008 thetical
696 3973 762 4018 ease,
813 3956 961 4022 sapientiam
970 3955 1070 4007 elusit.'’

187 4025 268 4073 which
281 4041 332 4074 was
348 4023 468 4073 intended
483 4022 533 4072 and
563 4022 589 4071 id
600 4030 644 4072 not
656 4022 764 4087 actually
847 4023 892 4070 27.
926 4034 945 4070 t.
974 4027 1080 4071 octavo
1107 4024 1219 4070 dentum
1245 4022 1389 4070 kalendae

186 4105 260 4139 occur
272 4089 298 4138 in
310 4089 353 4137 the
362 4096 432 4153 past3
449 4103 477 4137 so
486 4088 552 4136 Ann.
565 4087 599 4136 iii.
613 4097 654 4151 53,
670 4087 764 4151 “quod
815 4089 988 4136 Februariae
1001 4105 1024 4129 =
1037 4101 1070 4136 on
1080 4085 1190 4148 January
1204 4084 1269 4148 r5th.

185 4154 206 4204 si
219 4169 317 4203 mecum
329 4153 460 4203 consilium
471 4151 624 4211 habuissent,
635 4152 720 4202 nescio
731 4167 764 4201 an
851 4164 872 4200 τ.
894 4165 948 4208 pro
970 4155 1043 4200 aede
1064 4153 1211 4208 Apolltnls.
1256 4147 1319 4199 This
1339 4165 1391 4199 was

186 4235 301 4268 suasurus
317 4217 431 4268 luerim.''
464 4218 520 4267 The
532 4216 686 4266 nominative
698 4225 764 4267 must
814 4215 922 4266 situated
933 4232 967 4266 on
978 4216 1021 4266 the
1031 4214 1143 4266 Palatihe
1150 4215 1180 4264 -in
1191 4214 1235 4265 the
1245 4213 1391 4264 immediate

187 4285 219 4334 be
230 4282 345 4349 supplied
357 4282 422 4333 from
434 4281 477 4332 the
487 4281 558 4346 apud
567 4283 643 4331 malos
654 4283 742 4331 above
815 4280 1022 4346 neighbourhood
1031 4279 1059 4331 ol
1068 4281 1111 4330 the
1120 4280 1227 4339 Palare3
1243 4294 1285 4329 see
1296 4278 1329 4330 iii.
1343 4278 1360 4329 6

221 4359 243 4413 5.
263 4352 376 4399 lnoema
392 4351 590 4398 noctis-nso
610 4350 765 4397 messem-
848 4358 872 4396 a.
894 4350 992 4396 trtstte
1019 4344 1319 4404 exta=unsavourable
1376 4359 1391 4395 e

189 4427 366 4463 namneum
394 4416 566 4462 timuissent
614 4411 676 4462 This
706 4426 764 4462 con·
814 4409 930 4477 opposite
941 4411 971 4461 ol
978 4411 1049 4460 laeta
