3164 5348
559 318 703 378 arasa
721 319 780 378 rv.
807 317 899 379 can
923 333 1040 394 70-71
1120 304 1122 308 ‘
1338 318 1397 382 aar

195 519 255 584 per
271 518 370 582 agros
388 496 540 581 palatur:
566 498 703 582 quidam
722 497 917 581 principum,
934 507 972 562 ut
990 497 1087 581 primi
1107 497 1257 582 posuisse
1273 497 1397 564 bellum

195 601 393 678 viderentur,
412 600 445 664 in
464 599 615 664 civitates
632 619 719 682 quae
736 600 929 664 societatem
949 599 1140 664 Romanam
1154 619 1221 664 non
1236 610 1399 666 exuerant

125 762 131 774 ,
169 704 172 714 '
197 701 375 784 perfugere
417 700 584 783 Legiones
602 721 622 764 a
640 699 787 764 Novesio
805 699 989 784 Bonnaque
1007 700 1040 772 in
1060 700 1231 778 Treveros,
1245 709 1282 765 ut
1300 720 1399 784 supra
1424 720 1438 759 2
1442 717 1459 778 5

198 801 465 878 memoravimus,
483 800 656 864 traductae
673 820 709 864 se
727 800 818 882 ipsae
844 800 877 863 in
904 800 1005 864 verba
1022 800 1222 883 Vespasiani
1249 801 1398 884 adigunt.

198 901 295 964 Haec
325 899 506 964 Valentino
537 899 676 963 absente
710 907 828 981 gesta;
862 900 918 982 qui
952 899 1009 963 ubi
1047 899 1251 964 adventabat
1287 900 1399 965 furens

198 1007 385 1082 cunctaque
411 1019 522 1063 mrsus
548 999 581 1062 in
609 998 723 1062 turbas
741 1006 776 1062 et
798 999 940 1063 exitium
958 1017 1184 1074 conversurus,
1202 997 1350 1081 legiones
1364 1000 1396 1064 in

198 1099 480 1176 Mediomatricos,
506 1097 632 1163 sociam
667 1098 846 1180 civitatem,
877 1097 1072 1163 abscessere.
1124 1097 1325 1163 Valentinus
1359 1119 1398 1164 ac

197 1199 305 1264 Tutor
322 1201 355 1263 in
373 1220 467 1263 arma
483 1199 647 1263 Treveros
664 1197 845 1277 retrahunt,
862 1199 978 1264 occisis
998 1198 1169 1264 Herennio
1186 1218 1225 1263 ac
1243 1199 1399 1265 Numisio
1423 1216 1461 1274 30

198 1300 326 1384 legatis,
343 1321 411 1384 quo
429 1301 557 1365 minore
575 1320 634 1384 spe
651 1300 768 1363 veniae
786 1308 945 1364 cresceret
959 1299 1128 1365 vinculum
1146 1299 1285 1365 sceleris.
1352 1307 1356 1315 '

200 1459 202 1463 ,
276 1415 331 1482 71.
361 1402 427 1466 Hic
445 1400 523 1466 belli
551 1409 658 1465 status
676 1409 755 1478 erat,
773 1420 849 1465 cum
878 1400 1014 1465 Petilius
1041 1401 1177 1467 Cerialis
1208 1401 1398 1485 Mogontia·

198 1522 274 1566 cum
292 1503 391 1566 venit
445 1502 526 1565 Eius
545 1502 691 1566 adventu
719 1510 848 1565 erectae
876 1521 960 1584 spes,
979 1501 1049 1584 ipse
1078 1521 1210 1584 pugnae
1231 1502 1347 1566 avidus
1364 1512 1399 1567 et

198 1601 452 1666 contemnendis
469 1622 571 1684 quam
589 1601 745 1665 cavendis
766 1600 918 1664 hostibus
945 1600 1069 1678 melior,
1087 1600 1208 1665 ferocia
1224 1600 1398 1666 verborum

200 1700 339 1765 militem
375 1700 584 1775 incendebat,
618 1700 675 1764 ubi
711 1700 854 1783 primum
890 1701 1047 1782 congredi
1086 1699 1240 1778 licuisset,
1274 1700 1399 1765 nullam

199 1800 324 1884 praelio
343 1821 471 1865 moram
490 1800 642 1865 facturus.
696 1799 855 1864 Delectus
873 1821 932 1883 per
949 1799 1093 1865 Galliam
1121 1799 1252 1864 habitos
1271 1801 1304 1865 in
1322 1801 1399 1865 civi·
1443 1815 1460 1876 5

199 1911 286 1967 tates
304 1902 457 1979 remittit,
469 1921 508 1965 ac
527 1901 679 1966 nuntiare
696 1899 789 1966 iubet
801 1899 951 1966 sufficere
970 1901 1108 1986 imperio
1126 1900 1294 1985 legiones:
1318 1902 1398 1966 socii

200 2004 243 2069 ad
280 2004 394 2069 munia
428 2003 519 2087 pacis
554 2003 708 2081 redirent,
734 2003 839 2068 securi
874 2001 965 2068 velut
1000 2002 1152 2067 conlecto
1186 2002 1283 2084 bello,
1308 2005 1398 2088 quod

201 2107 375 2171 Romanae
403 2125 521 2170 manus
547 2105 766 2188 excepissent.
819 2105 929 2170 Auxit
954 2125 996 2169 ea
1021 2125 1072 2169 res
1098 2104 1271 2170 Gallorum
1305 2105 1400 2171 obse·

200 2208 337 2292 quium:
380 2227 460 2271 nam
495 2215 628 2290 recepta
668 2206 839 2271 iuventute
874 2205 1001 2270 facilius
1044 2205 1168 2271 tributa
1210 2205 1401 2286 toleravere,

201 2308 372 2390 proniores
389 2307 432 2372 ad
451 2305 568 2383 officia,
586 2309 676 2391 quod
695 2306 942 2390 spernebantur.
994 2307 1045 2371 At
1058 2306 1172 2372 Civilis
1185 2315 1221 2371 et
1235 2307 1400 2373 Classicus
1426 2334 1463 2374 ro

201 2406 258 2471 ubi
276 2407 408 2490 pulsum
427 2407 597 2484 Tutorem,
615 2426 730 2471 caesos
747 2407 918 2482 Treveros,
936 2415 1056 2471 cuncta
1072 2404 1223 2472 hostibus
1244 2427 1401 2490 prospera

201 2526 366 2590 accepere,
384 2507 505 2590 trepidi
522 2527 561 2570 ac
587 2517 811 2590 properantes,
829 2506 910 2570 dum
937 2506 1102 2589 dispersas
1128 2527 1262 2571 suorum
1288 2507 1401 2590 copias

201 2607 402 2685 conducunt,
432 2606 554 2672 crebris
589 2607 721 2672 interim
756 2607 881 2672 nuntiis
915 2606 1133 2671 Valentinum
1169 2626 1326 2672 monuere
1360 2628 1402 2673 ne

202 2699 361 2772 summae*
378 2707 425 2771 rei
452 2707 634 2791 periculum
662 2708 792 2773 laceret
840 2709 893 2771 Eo
913 2708 1060 2790 rapidius
1079 2706 1224 2786 Cerialis,
1243 2707 1351 2772 missis
1368 2708 1400 2773 in

203 2807 475 2874 Mediomatricos
493 2809 549 2892 qui
568 2808 718 2873 breviore
735 2809 852 2872 itinere
866 2808 1014 2891 legiones
1031 2809 1065 2872 in
1083 2808 1214 2873 hostem
1228 2818 1402 2889 verterent,
1428 2832 1462 2893 15

201 2915 374 2971 contracto
399 2908 489 2990 quod
516 2918 586 2971 erat
614 2907 757 2971 militum
784 2908 991 2990 Mogontiaci
1026 2916 1256 2991 quantumque
1290 2927 1401 2973 secum

202 3091 322 3140 nebuloso
338 3090 440 3141 flumine
457 3090 566 3151 Novam,
579 3090 779 3142 additamiratus
829 3090 851 3141 is
873 3090 968 3149 shown,
990 3091 1054 3141 Aen.
1074 3107 1098 3140 v.
1119 3090 1160 3150 68,
1183 3090 1290 3143 “hculo
1309 3092 1402 3145 incedit

202 3155 280 3205 veteri
297 3170 363 3205 nova
380 3155 480 3205 moenia
496 3154 577 3205 Vinco
594 3155 714 3216 (orrico,
733 3157 775 3206 rie.
829 3155 916 3205 mehor
928 3155 1071 3220 levibusque
1082 3154 1204 3220 sagittis.”

203 3219 251 3269 Bin
269 3221 321 3279 en),
332 3219 455 3284 ‚aequavit
478 3219 564 3269 latias
587 3218 631 3268 ubi
650 3219 777 3283 quondam
862 3229 884 3282 5.
903 3223 1043 3269 dalaotua
1080 3220 1227 3271 Used-here
1242 3220 1272 3270 oi
1285 3221 1328 3271 the
1344 3238 1403 3273 rnen

203 3236 287 3335 Galia
303 3283 412 3344 Cannas,
425 3283 576 3349 infletaeque
591 3283 673 3334 iacent
690 3284 778 3350 inopes
828 3284 910 3334 called
929 3290 972 3334 out
991 3299 1026 3335 on
1044 3285 1108 3349 levy.
1145 3284 1195 3335 For
1214 3284 1258 3336 the
1276 3286 1342 3350 levy,
1361 3302 1403 3339 see

202 3347 498 3413 supermacatervae.'’
828 3350 917 3409 above,
930 3365 952 3399 c.
967 3361 1006 3410 24

235 3423 274 3477 ας.
294 3412 592 3472 ΙοςὶοηωαΝονωὶο
608 3418 774 3472 Bonnaque.
859 3413 883 3464 6.
905 3417 1033 3472 impasto.
1078 3414 1157 3465 Orelli
1175 3413 1261 3465 thinks
1280 3415 1334 3466 that
1353 3416 1403 3469 this

202 3479 258 3529 The
274 3479 331 3529 roth
347 3479 398 3528 and
418 3485 461 3529 1st.
497 3479 569 3542 They
580 3478 631 3528 had
647 3478 778 3545 originally
827 3486 919 3529 cannot
931 3494 1003 3529 mean
1013 3477 1073 3528 “sor
1085 3478 1128 3530 the
1134 3479 1256 3545 empire,”
1262 3481 1312 3530 and
1320 3480 1403 3533 would

202 3559 284 3593 suom
307 3543 444 3608 allegiance
466 3550 493 3593 to
514 3542 639 3603 Vitellius,
664 3543 724 3594 then
751 3552 778 3594 to
828 3542 928 3609 explain
939 3544 967 3603 it,
982 3543 1046 3593 “lor
1057 3544 1100 3594 tbe
1117 3545 1276 3609 purposeaol
1286 3545 1402 3597 hiscom·

163 3638 168 3647 ·
202 3608 349 3673 Vespasian,
368 3608 429 3659 then
445 3615 472 3658 to
483 3607 599 3659 Vrtellius
614 3607 688 3673 again
705 3609 777 3658 when
827 3607 931 3670 mand,”
943 3609 1041 3666 bulthe
1053 3609 1143 3658 former
1154 3625 1235 3660 seems
1245 3610 1354 3677 simpler.

202 3689 260 3723 nov
271 3672 345 3731 dead,
355 3672 418 3723 aller
430 3672 484 3723 that
495 3679 523 3723 to
534 3672 576 3723 the
584 3673 687 3738 Empire
698 3673 727 3722 ol
735 3673 778 3723 the
861 3685 885 3735 9.
904 3677 1018 3724 taolllua
1033 3677 1146 3724 tributa
1161 3679 1331 3726 toleravere.
1367 3677 1404 3728 Aa

202 3738 290 3797 Gauls,
303 3736 354 3786 and
365 3752 422 3787 nov
434 3737 519 3801 finally
530 3742 558 3787 to
567 3738 620 3787 Ves
665 3737 778 3788 leniora
829 3737 888 3802 they
899 3753 964 3788 were
980 3746 1025 3787 not
1041 3739 1121 3789 called
1139 3755 1207 3804 upon
1225 3746 1253 3789 to
1267 3741 1403 3806 undergoa

156 3865 158 3871 y
201 3802 295 3853 second
307 3801 375 3852 time.
411 3802 460 3852 See
470 3803 559 3862 above,
572 3817 594 3852 c.
626 3815 648 3850 2.
828 3801 1005 3867 conscription,
1016 3803 1075 3866 they
1084 3803 1158 3853 made
1169 3803 1212 3854 the
1223 3804 1271 3854 less
1283 3804 1403 3871 difficulty

236 3865 276 3916 28.
295 3869 326 3915 ln
343 3869 585 3916 Mootomarrtooa
622 3865 663 3915 Th
705 3881 777 3917 occu·
828 3867 905 3916 about
917 3866 1049 3932 providing
1060 3867 1102 3917 the
1114 3883 1243 3932 necessary
1254 3868 1335 3919 lunda

221 3929 261 3980 'ed
284 3929 327 3981 the
349 3930 449 4007 district·
466 3931 541 3984 south
559 3930 589 3979 ol
605 3931 648 3980 tha
664 3882 775 3981 {hereri
864 3943 901 3994 13·
915 3944 953 3980 na
964 3945 1097 3980 summae
1107 3935 1149 3981 rat
1160 3935 1403 3990 panonlumtaoa-

244 3994 280 4045 eir
296 4010 326 4045 oa
344 3995 397 4056 ital,
415 3995 582 4055 Drvodurum,
600 3995 663 4045 later
680 3995 776 4055 Mettis,
828 4001 882 4045 rat
920 3995 999 4045 “Not
1011 4002 1037 4045 to
1048 4003 1183 4046 encounter
1194 3996 1237 4047 the
1247 3996 1341 4063 danger
1352 3997 1404 4049 ola

203 4059 224 4109 is
240 4075 298 4109 now
339 4067 385 4110 eta
828 4058 936 4110 decisivo
952 4059 1144 4126 engagement.”
1177 4061 1271 4126 Nearly
1282 4062 1325 4113 the
1336 4079 1405 4114 same

236 4136 275 4187 ³⁰·
301 4127 447 4175 nonanto
467 4137 504 4175 ao
525 4127 665 4184 Numlalo,
689 4139 731 4175 see
752 4140 774 4175 c
828 4126 918 4190 phrase
937 4124 959 4175 is
978 4126 1094 4190 repeated
1110 4125 1136 4175 in
1153 4141 1177 4176 v.
1199 4125 1237 4186 18,
1252 4127 1310 4176 “ad
1324 4137 1403 4178 matu·

205 4199 244 4253 59.
828 4191 934 4239 randum
945 4206 1056 4240 summae
1067 4190 1102 4240 rei
1113 4190 1252 4241 discrimen.
1257 4190 1272 4214 ’'

236 4256 276 4304 71.
304 4257 561 4318 accommanda
571 4267 662 4313 quam
675 4267 778 4304 cavan·
864 4255 901 4306 1⁶.
921 4259 1000 4314 quod
1010 4259 1210 4306 aratrntlttum
1227 4260 1404 4315 Mononttaot

203 4323 249 4370 ota
262 4323 397 4370 hostibus
413 4322 522 4370 mallon
557 4317 644 4396 Vergil
655 4317 713 4369 thus
724 4335 779 4369 uses
829 4325 1289 4380 quantumquo-transvexerat,
1300 4320 1347 4372 'aa
1362 4323 1405 4374 the

204 4385 290 4434 mdrbr
304 4383 365 4434 with
382 4399 416 4433 an
431 4384 482 4433 abl.
497 4384 535 4445 (or
552 4383 663 4448 possrbly
676 4382 742 4442 dat)
753 4383 783 4433 ol
829 4384 936 4434 remains
952 4384 982 4434 ol
995 4384 1155 4445 thersham
1167 4385 1215 4434 aad
1232 4385 1345 4450 legionsr
1362 4388 1405 4438 the

204 4449 248 4498 the
258 4448 341 4514 ohJect
353 4448 379 4498 in
390 4454 486 4513 respect
496 4447 526 4497 ol
539 4447 621 4498 which
632 4446 780 4513 superlority
833 4448 890 4499 utb
906 4448 957 4499 and
973 4448 1018 4500 8th
1034 4449 1067 4499 be
1082 4449 1134 4500 had
1150 4449 1257 4515 brought
1268 4448 1329 4501 with
1340 4451 1401 4503 him.
